
<!DOCTYPE html>
<html lang="en-GB">
<head>

<title>Single Malt Scotch Whisky : The Whisky Exchange</title>
<meta name="title" content="Single Malt Scotch Whisky : The Whisky Exchange" />
<meta name="description" content="Malt whisky is the ‘original’ whisky of Scotland. Malt whisky is made only from malted barley, in two (occasionally three) copper pot stills, by a batch process. ‘Single’ malt whisky is the product of an individual distillery." />
<meta property="og:title" content="Single Malt Scotch Whisky : The Whisky Exchange" />
<meta property="og:description" content="Malt whisky is the ‘original’ whisky of Scotland. Malt whisky is made only from malted barley, in two (occasionally three) copper pot stills, by a batch process. ‘Single’ malt whisky is the product of an individual distillery." />
<meta http-equiv="X-UA-Compatible" content="IE=edge">
<meta charset="UTF-8" />
<meta name="viewport" content="width=device-width, initial-scale=1" />
<meta http-equiv="cleartype" content="on">

<link rel="stylesheet" href="/media/rtwe/bundles/8808faab56804548bb57d61772a61124.css">

<link rel="shortcut icon" href="/media/rtwe/assets/application/images/common/favicon.ico" />
<link rel="search" type="application/opensearchdescription+xml" href="/media/rtwe/assets/application/xml/opensearch.xml" title="The Whisky Exchange" />

<link href="//fonts.googleapis.com/css?family=Lato:300,400,400italic,700|Fjalla+One|Droid+Serif:400,400italic|Oswald:300,400|Cinzel:400|Rouge+Script" rel="stylesheet" type="text/css" />
<script src="https://kit.fontawesome.com/8e93f5b68b.js" crossorigin="anonymous"></script>

<link rel="canonical" href="https://www.thewhiskyexchange.com/c/40/single-malt-scotch-whisky" />

<style type="text/css">
		    .banner {background-color: #45210b;}
            .banner .banner-title {color: #faf9da;}
		    .banner-text {background: #964503;}
            .banner .banner-text {color: #fff;}

		    @media (min-width: 680px)
            {
            .banner {background-image: url(/media/rtwe/uploads/category/bg/large/40.jpg?v=636069711340000000);background-position: center top;background-repeat: no-repeat;}
            }
	    </style>
<!--[if lt IE 9]>
            <script type="text/javascript">
                //Equivalent of: window.attachEvent("load", updateBackgroundImage);
                var addEvent =  window.attachEvent||window.addEventListener; var event = window.attachEvent ? 'onload' : 'load'; addEvent(event, function(){updateBackgroundImage();});
            
                //Equivalent of: window.attachEvent("onresize", updateBackgroundImage);
                addEvent =  window.attachEvent||window.addEventListener; event = window.attachEvent ? 'onresize' : 'resize'; addEvent(event, function(){updateBackgroundImage();});
 
                //window.addEventListener("resize", updateBackgroundImage);
                function updateBackgroundImage() { var myElements = document.querySelectorAll(".banner"); for (var i = 0; i < myElements.length; i++) { var windowWidth = window.innerWidth || document.documentElement.clientWidth || document.body.clientWidth; if (windowWidth >= 680) { myElements[i].style.backgroundImage = "url(/media/rtwe/uploads/category/bg/large/40.jpg?v=636069711340000000)"; myElements[i].style.backgroundPosition ="center top"; myElements[i].style.backgroundRepeat = "no-repeat"; } else { myElements[i].style.backgroundImage = ""; } } }
            </script>
        <![endif]-->




<script type="text/javascript">var _gaq = _gaq || []; _gaq.push(['_setAccount', 'UA-1160170-1']); _gaq.push(['_setSiteSpeedSampleRate', 20]); _gaq.push(['_trackPageview']);</script>
<script type="text/javascript">    (function () { var ga = document.createElement('script'); ga.type = 'text/javascript'; ga.async = true; ga.src = ('https:' == document.location.protocol ? 'https://' : 'http://') + 'stats.g.doubleclick.net/dc.js'; var s = document.getElementsByTagName('script')[0]; s.parentNode.insertBefore(ga, s); })();</script>


<script async src="https://www.googletagmanager.com/gtag/js?id=AW-770156520"></script>
<script>
  window.dataLayer = window.dataLayer || [];
  function gtag(){dataLayer.push(arguments);}
  gtag('js', new Date());

  gtag('config', 'AW-770156520');
  gtag('config', 'AW-993914870');

  //Google Optimize
  //gtag('config', 'UA-1160170-1', { 'optimize_id': 'GTM-5XW7FQK'});

  //TWEMKT-581
  gtag('config', 'DC-9835324');
</script>

<script type="text/javascript">
(function(d,RB) {if (!window.RB) { window.RB=RB;RB.queue=RB.queue||[];RB.track=RB.track||function(){RB.queue.push(Array.prototype.slice.call(arguments))};RB.initialize=function(s){RB.source=s};var a = d.createElement("script");  a.type="text/javascript"; a.async=!0; a.src="https://rbm0wu6g.thewhiskyexchange.com/assets/wxyz.rb.js"; f=d.getElementsByTagName("script")[0]; f.parentNode.insertBefore(a,f);} } )(document,window.RB || {});
RB.disablePushState=true;
RB.initialize("dGhlX3doaXNrZXlfZXhjaGFuZ2V8dmlld3xwdXJjaGFzZXxzaWdudXB8bG9naW4=");
var RBcId="";
if(RBcId!="")
{
RB.track("identify",{"external_id":RBcId});
}
</script>


<script type="text/javascript">
  
window.$zopim||(function(d,s){var z=$zopim=function(c){z._.push(c)},$=z.s=
d.createElement(s),e=d.getElementsByTagName(s)[0];z.set=function(o){z.set.
_.push(o)};z._=[];z.set._=[];$.async=!0;$.setAttribute("charset","utf-8");
$.src="https://v2.zopim.com/?6OfKKe0JTQD6LhYI6QJ9f3HDmVilJsC0";z.t=+new Date;$.
type="text/javascript";e.parentNode.insertBefore($,e)})(document,"script");


if ($zopim)
    {
            $zopim( function() {
                $zopim.livechat.setOnStatus(
                    function(){
                        if (arguments[0] == "online") {
                            $("body").addClass("twe-site-flag--zopim")
                                ;
                        }
                        else {
                            $("body").removeClass("twe-site-flag--zopim");
                        }

                    });
            })
    }


</script>

</head>
<body itemscope itemtype="http://schema.org/WebPage" class="twe-default-header twe-gold-bar">
<div id="siteWrapper" class="site-wrapper js-twe__site-wrapper">

<div class="header" role="banner" itemscope itemtype="http://schema.org/WPHeader">
<a class="header__logo" href="/" title="The Whisky Exchange - World of Fine Spirits">
<img class="header__logo-image--small js--svg" src="/media/rtwe/assets/application/images/logos/logo-flat-small.svg" data-fallback="/media/rtwe/assets/application/images/logos/logo-flat-small.png" alt="The Whisky Exchange - World of Fine Spirits">
<img class="header__logo-image--large js--svg" src="/media/rtwe/assets/application/images/logos/logo-flat.svg" data-fallback="/media/rtwe/assets/application/images/logos/logo-flat.png" alt="The Whisky Exchange - World of Fine Spirits">
</a>
<div class="header__content js--popcontainer">
<div class="header__links">
<a class="header-link header-link--menu js--togglenav" href="#twenavigation" title="Menu">
<div class="header-link__icon">
<i class="tweicon tweicon--menu"></i>
</div>
<div class="header-link__label">
Menu
</div>
</a>
<a class="header-link header-link--search js--togglesearch" href="#twesearch" title="Search">
<div class="header-link__icon">
<i class="tweicon tweicon--search"></i>
</div>
<div class="header-link__label">
Search
</div>
</a>
<a class="header-link" href="/customerservice/delivery-charges?track=true" title="Delivery &amp; Tracking">
<div class="header-link__icon">
<i class="tweicon tweicon--delivery"></i>
</div>
<div class="header-link__label">
Delivery
</div>
</a>
<a class="header-link" href="/account/home" title="Account">
<div class="header-link__icon">
<i class="tweicon tweicon--account"></i>
</div>
<div class="header-link__label">
Account
</div>
</a>
<a class="header-link js--poptoggle" href="#twecurrencypop" title="Country &amp; Currency Settings">
<div class="header-link__icon">
<img class="header-link__image js--svg" src="/media/rtwe/assets/application/images/common/flag/svg/gb.svg" data-fallback="/media/rtwe/assets/application/images/common/flag/gb.gif" alt="flag">
</div>
<div class="header-link__label">
£ (gbp)
</div>
</a>
<a class="header-link js--poptoggle" href="#twebasketpop" title="Basket">
<div class="header-link__icon">
<i class="tweicon tweicon--basket"></i>
</div>
<div class="header-link__label js--labelbasket">
Basket
</div>
</a>
</div>
<div id="twesearch" class="header__search">
<div class="header__search-container">
<form class="header-search" id="formSearchInput" action="javascript:searchInputHandler()">
<input type="text" placeholder="Search" class="header-search__input" id="txtSearchInput">
<button type="submit" class="header-search__button" id="btnSearchInput">
<i class="tweicon tweicon--search"></i>
</button>
</form>
</div>
</div>
<div id="twebasketpop" class="header-pop js--pop">
<div class="header-pop__connector js--popconnector"></div>
<div class="js--basketsummary">
<div id="tweBasketSummary" class="headersummary">
Your basket is currently empty.
</div>
</div>
</div>
<div id="twecurrencypop" class="header-pop js--pop">
<div class="header-pop__connector js--popconnector"></div>
<div class="header-settings">
<div class="header-settings__currency">
<label for="CmbSiteCurrency" class="header-settings__label">
Currency
</label>
<select id="CmbSiteCurrency" class="header-settings__input">
<option value="AUD">
AUD (A$)
</option>
<option value="EUR">
EUR (€)
</option>
<option value="GBP" selected>
GBP (£)
</option>
<option value="SEK">
SEK (kr)
</option>
<option value="SGD">
SGD (S$)
</option>
<option value="USD">
USD ($)
</option>
</select>
</div>
<div class="header-settings__country">
<label for="CmbSiteCountry" class="header-settings__label">
Country of delivery
</label>
<select id="CmbSiteCountry" class="header-settings__input">
<option value="au">
Australia
</option>
<option value="bb">
Barbados
</option>
<option value="bm">
Bermuda
</option>
<option value="vg">
British Virgin Islands
</option>
<option value="ky">
Cayman Islands
</option>
<option value="GG">
Channel Islands
</option>
<option value="cx">
Christmas Island
</option>
<option value="cc">
Cocos (Keeling) Islands
</option>
<option value="fk">
Falkland Islands
</option>
<option value="pf">
French Polynesia
</option>
<option value="gi">
Gibraltar
</option>
<option value="gl">
Greenland
</option>
<option value="hk">
Hong Kong S. A. R
</option>
<option value="is">
Iceland
</option>
<option value="il">
Israel
</option>
<option value="jp">
Japan
</option>
<option value="li">
Liechtenstein
</option>
<option value="mo">
Macau S.A.R.
</option>
<option value="mq">
Martinique
</option>
<option value="mc">
Monaco
</option>
<option value="nc">
New Caledonia
</option>
<option value="nz">
New Zealand
</option>
<option value="nf">
Norfolk Island
</option>
<option value="no">
Norway
</option>
<option value="re">
Reunion
</option>
<option value="sm">
San Marino
</option>
<option value="sc">
Seychelles
</option>
<option value="sg">
Singapore
</option>
<option value="za">
South Africa
</option>
<option value="kr">
South Korea
</option>
<option value="ch">
Switzerland
</option>
<option value="tw">
Taiwan
</option>
<option value="gb" selected>
United Kingdom
</option>
<option value="us">
United States
</option>
<option value="va">
Vatican City
</option>
</select>
</div>
<div class="header-settings__button">
<button class="twe-button-sm off-gold on-grey" id="BtnSiteCountryCurrency">Update</button>
</div>
</div>
</div>
</div>
</div>


<nav class="navbar js-navbar"><div class="navbar__wrapper" itemscope itemtype="http://schema.org/SiteNavigationElement"><button class="navbar__btn navbar__btn--close js--togglenav"><i class="tweicon tweicon--arrow-left-big"></i> Close</button><div class="navbar__container"><a itemprop="url" class="navbar__link js-navbar__link " href="/new-in-and-offers" title="New In &amp; Offers">New In <span class="navbar__line">&amp;&nbsp;Offers</span></a><div class="subnav js-subnav"><div class="subnav__container subnav--flex-row"><div class="subnav__column subnav__column--w25"><a itemprop="url" href='/new-in-and-offers' class='subnav__link subnav__link--underline subnav__link--grid' title="New In & Offers" onclick="_gaq.push(['_trackEvent', 'Navigation', 'click', 'NewInOffers-Leftcolumn-NewInOffers'])"><i class="tweicon tweicon--home subnav__col-icon"></i><span class="subnav__col-title">New In & Offers</span></a><a itemprop="url" href='/feature/maltofthemonth' class='subnav__link subnav__link--underline subnav__link--grid' title="Malt of the month" onclick="_gaq.push(['_trackEvent', 'Navigation', 'click', 'NewInOffers-Leftcolumn-Maltofthemonth'])"><i class="tweicon tweicon--new subnav__col-icon"></i><span class="subnav__col-title">Malt of the month</span></a><a itemprop="url" href='/feature/spiritofthemonth/' class='subnav__link subnav__link--underline subnav__link--grid' title="Spirit of the month" onclick="_gaq.push(['_trackEvent', 'Navigation', 'click', 'NewInOffers-Leftcolumn-Spiritofthemonth'])"><i class="tweicon tweicon--new subnav__col-icon"></i><span class="subnav__col-title">Spirit of the month</span></a><a itemprop="url" href='/feature/wineofthemonth' class='subnav__link subnav__link--underline subnav__link--grid' title="Wine of the month" onclick="_gaq.push(['_trackEvent', 'Navigation', 'click', 'NewInOffers-Leftcolumn-Wineofthemonth'])"><i class="tweicon tweicon--new subnav__col-icon"></i><span class="subnav__col-title">Wine of the month</span></a><a itemprop="url" href='http://blog.thewhiskyexchange.com' target='_blank' class='subnav__link subnav__link--underline subnav__link--grid' title="Blog" onclick="_gaq.push(['_trackEvent', 'Navigation', 'click', 'NewInOffers-Leftcolumn-Blog'])"><i class="tweicon tweicon--rss subnav__col-icon"></i><span class="subnav__col-title">Blog</span></a></div><div class="subnav__column subnav__column--w25"><h3 class="subnav__title"> New In </h3><a itemprop="url" href='/new-products' class='subnav__link ' title="New Products" onclick="_gaq.push(['_trackEvent', 'Navigation', 'click', 'NewInOffers-NewIn-NewProducts'])"> New Products </a><a itemprop="url" href='/new-products/standard-whisky/' class='subnav__link ' title="New Whisky" onclick="_gaq.push(['_trackEvent', 'Navigation', 'click', 'NewInOffers-NewIn-NewWhisky'])"> New Whisky </a><a itemprop="url" href='/new-products/spirits-and-liqueurs/' class='subnav__link ' title="New Spirits & Liqueurs" onclick="_gaq.push(['_trackEvent', 'Navigation', 'click', 'NewInOffers-NewIn-NewSpiritsLiqueurs'])"> New Spirits & Liqueurs </a><a itemprop="url" href='/new-products/champagne-wine-and-beer/' class='subnav__link ' title="New Champagne, Wine & Beer" onclick="_gaq.push(['_trackEvent', 'Navigation', 'click', 'NewInOffers-NewIn-NewChampagneWineBeer'])"> New Champagne, Wine & Beer </a><a itemprop="url" href='/new-products/miniatures-and-samples' class='subnav__link ' title="New Miniatures & Samples" onclick="_gaq.push(['_trackEvent', 'Navigation', 'click', 'NewInOffers-NewIn-NewMiniaturesSamples'])"> New Miniatures & Samples </a></div><div class="subnav__column subnav__column--w25"><h3 class="subnav__title"> Special Offers </h3><a itemprop="url" href='/specialoffers' class='subnav__link ' title="All Offers" onclick="_gaq.push(['_trackEvent', 'Navigation', 'click', 'NewInOffers-SpecialOffers-AllOffers'])"> All Offers </a><a itemprop="url" href='/d/429/bin-ends' class='subnav__link ' title="Bin Ends" onclick="_gaq.push(['_trackEvent', 'Navigation', 'click', 'NewInOffers-SpecialOffers-BinEnds'])"> Bin Ends </a><a itemprop="url" href='/specialoffers/whisky#productlist-filter' class='subnav__link ' title="Whisky Offers" onclick="_gaq.push(['_trackEvent', 'Navigation', 'click', 'NewInOffers-SpecialOffers-WhiskyOffers'])"> Whisky Offers </a><a itemprop="url" href='/specialoffers/spirits#productlist-filter' class='subnav__link ' title="Spirits Offers" onclick="_gaq.push(['_trackEvent', 'Navigation', 'click', 'NewInOffers-SpecialOffers-SpiritsOffers'])"> Spirits Offers </a><a itemprop="url" href='/specialoffers/champagne#productlist-filter' class='subnav__link ' title="Champagne Offers" onclick="_gaq.push(['_trackEvent', 'Navigation', 'click', 'NewInOffers-SpecialOffers-ChampagneOffers'])"> Champagne Offers </a></div><div class="subnav__column subnav__column--w25"><h3 class="subnav__title"> Inspiration </h3><a itemprop="url" href='/feature/whiskyoftheyear' class='subnav__link subnav__link--grid ' title="Whisky of the Year" onclick="_gaq.push(['_trackEvent', 'Navigation', 'click', 'NewInOffers-Inspiration-WhiskyoftheYear'])"><i class="tweicon tweicon--whiskyoftheyear subnav__col-icon"></i><span class="subnav__col-title">Whisky of the Year</span></a><a itemprop="url" href='/feature/rumoftheyear' class='subnav__link subnav__link--grid ' title="Rum of the Year" onclick="_gaq.push(['_trackEvent', 'Navigation', 'click', 'NewInOffers-Inspiration-RumoftheYear'])"><i class="tweicon tweicon--spiritoftheyear subnav__col-icon"></i><span class="subnav__col-title">Rum of the Year</span></a><a itemprop="url" href='/feature/ginoftheyear' class='subnav__link subnav__link--grid ' title="Gin of the Year" onclick="_gaq.push(['_trackEvent', 'Navigation', 'click', 'NewInOffers-Inspiration-GinoftheYear'])"><i class="tweicon tweicon--spiritoftheyear subnav__col-icon"></i><span class="subnav__col-title">Gin of the Year</span></a><a itemprop="url" href='/feature/sparklingoftheyear' class='subnav__link subnav__link--grid ' title="Champagne of the Year" onclick="_gaq.push(['_trackEvent', 'Navigation', 'click', 'NewInOffers-Inspiration-ChampagneoftheYear'])"><i class="tweicon tweicon--sparklingoftheyear subnav__col-icon"></i><span class="subnav__col-title">Champagne of the Year</span></a><a itemprop="url" href='/d/735/drinks-gift-collections' class='subnav__link subnav__link--grid ' title="Collections" onclick="_gaq.push(['_trackEvent', 'Navigation', 'click', 'NewInOffers-Inspiration-Collections'])"><i class="tweicon tweicon--beercollection subnav__col-icon"></i><span class="subnav__col-title">Collections</span></a><a itemprop="url" href='/d/793/wine-cases' class='subnav__link subnav__link--grid ' title="Wine Cases" onclick="_gaq.push(['_trackEvent', 'Navigation', 'click', 'NewInOffers-Inspiration-WineCases'])"><i class="tweicon tweicon--winecases subnav__col-icon"></i><span class="subnav__col-title">Wine Cases</span></a></div></div></div></div><div class="navbar__container"><a itemprop="url" class="navbar__link js-navbar__link " href="/gift-ideas" title="Gift Ideas">Gift <span class="navbar__line">Ideas</span></a><div class="subnav js-subnav"><div class="subnav__container subnav--flex-row"><div class="subnav__column subnav__column--w25"><a itemprop="url" href='/gift-ideas' class='subnav__link subnav__link--underline subnav__link--grid' title="Gift Ideas" onclick="_gaq.push(['_trackEvent', 'Navigation', 'click', 'GiftIdeas-Leftcolumn-GiftIdeas'])"><i class="tweicon tweicon--home subnav__col-icon"></i><span class="subnav__col-title">Gift Ideas</span></a><a itemprop="url" href='/feature/giftfinder' class='subnav__link subnav__link--underline subnav__link--grid' title="Gift Finder" onclick="_gaq.push(['_trackEvent', 'Navigation', 'click', 'GiftIdeas-Leftcolumn-GiftFinder'])"><i class="tweicon tweicon--gift subnav__col-icon"></i><span class="subnav__col-title">Gift Finder</span></a><a itemprop="url" href='/feature/engraving' class='subnav__link subnav__link--underline subnav__link--grid' title="Personalised Engraving" onclick="_gaq.push(['_trackEvent', 'Navigation', 'click', 'GiftIdeas-Leftcolumn-PersonalisedEngraving'])"><i class="tweicon tweicon--engraving subnav__col-icon"></i><span class="subnav__col-title">Personalised Engraving</span></a><a itemprop="url" href='/personalisedlabels' class='subnav__link subnav__link--underline subnav__link--grid' title="Personalised Labels" onclick="_gaq.push(['_trackEvent', 'Navigation', 'click', 'GiftIdeas-Leftcolumn-PersonalisedLabels'])"><i class="tweicon tweicon--champagne-gifts subnav__col-icon"></i><span class="subnav__col-title">Personalised Labels</span></a><a itemprop="url" href='/giftsets' class='subnav__link subnav__link--underline subnav__link--grid' title="Gift Sets" onclick="_gaq.push(['_trackEvent', 'Navigation', 'click', 'GiftIdeas-Leftcolumn-GiftSets'])"><i class="tweicon tweicon--whiskygifts subnav__col-icon"></i><span class="subnav__col-title">Gift Sets</span></a><a itemprop="url" href='/c/828/sample-gift-sets' class='subnav__link subnav__link--underline subnav__link--grid' title="Perfect Measure Sets" onclick="_gaq.push(['_trackEvent', 'Navigation', 'click', 'GiftIdeas-Leftcolumn-PerfectMeasureSets'])"><i class="tweicon tweicon--tasting subnav__col-icon"></i><span class="subnav__col-title">Perfect Measure Sets</span></a><a itemprop="url" href='/cocktails' class='subnav__link subnav__link--underline subnav__link--grid' title="Cocktail recipes" onclick="_gaq.push(['_trackEvent', 'Navigation', 'click', 'GiftIdeas-Leftcolumn-Cocktailrecipes'])"><i class="tweicon tweicon--cocktailglasses subnav__col-icon"></i><span class="subnav__col-title">Cocktail recipes</span></a></div><div class="subnav__column subnav__column--w25"><h3 class="subnav__title"> Gifts by Recipient </h3><a itemprop="url" href='/d/929/for-the-connoisseur' class='subnav__link ' title="Gifts for the Connoisseur" onclick="_gaq.push(['_trackEvent', 'Navigation', 'click', 'GiftIdeas-GiftsbyRecipient-GiftsfortheConnoisseur'])"> Gifts for the Connoisseur </a><a itemprop="url" href='/d/922/romantic-gifts' class='subnav__link ' title="Romantic Gifts" onclick="_gaq.push(['_trackEvent', 'Navigation', 'click', 'GiftIdeas-GiftsbyRecipient-RomanticGifts'])"> Romantic Gifts </a><a itemprop="url" href='/d/797/corporate-gifts' class='subnav__link ' title="Corporate Gifts" onclick="_gaq.push(['_trackEvent', 'Navigation', 'click', 'GiftIdeas-GiftsbyRecipient-CorporateGifts'])"> Corporate Gifts </a><h3 class="subnav__title"> Popular Gifts </h3><a itemprop="url" href='/d/696/gifts-under-25' class='subnav__link ' title="Gifts Under £25" onclick="_gaq.push(['_trackEvent', 'Navigation', 'click', 'GiftIdeas-PopularGifts-GiftsUnder25'])"> Gifts Under £25 </a><a itemprop="url" href='/d/698/gifts-under-50' class='subnav__link ' title="Gifts Under £50" onclick="_gaq.push(['_trackEvent', 'Navigation', 'click', 'GiftIdeas-PopularGifts-GiftsUnder50'])"> Gifts Under £50 </a><a itemprop="url" href='/d/699/gifts-under-100' class='subnav__link ' title="Gifts Under £100" onclick="_gaq.push(['_trackEvent', 'Navigation', 'click', 'GiftIdeas-PopularGifts-GiftsUnder100'])"> Gifts Under £100 </a><a itemprop="url" href='/d/552/luxury-spirits-gifts' class='subnav__link ' title="Luxury Gifts" onclick="_gaq.push(['_trackEvent', 'Navigation', 'click', 'GiftIdeas-PopularGifts-LuxuryGifts'])"> Luxury Gifts </a></div><div class="subnav__column subnav__column--w25"><h3 class="subnav__title"> Inspire Me </h3><a itemprop="url" href='/giftcard' class='subnav__link ' title="Personalised eGift Card" onclick="_gaq.push(['_trackEvent', 'Navigation', 'click', 'GiftIdeas-InspireMe-eGiftCard'])"> eGift Card </a><a itemprop="url" href='/d/659/champagne-and-wine-gifts' class='subnav__link ' title="Champagne & Wine Gifts" onclick="_gaq.push(['_trackEvent', 'Navigation', 'click', 'GiftIdeas-InspireMe-ChampagneWineGifts'])"> Champagne & Wine Gifts </a><a itemprop="url" href='/c/519/chocolates-and-treats' class='subnav__link ' title="Chocolates & Treats" onclick="_gaq.push(['_trackEvent', 'Navigation', 'click', 'GiftIdeas-InspireMe-ChocolatesTreats'])"> Chocolates & Treats </a><a itemprop="url" href='/d/735/drinks-gift-collections' class='subnav__link ' title="Drinks Gift Collections" onclick="_gaq.push(['_trackEvent', 'Navigation', 'click', 'GiftIdeas-InspireMe-DrinksGiftCollections'])"> Drinks Gift Collections </a><a itemprop="url" href='/c/588/gift-boxes' class='subnav__link ' title="Gift Boxes" onclick="_gaq.push(['_trackEvent', 'Navigation', 'click', 'GiftIdeas-InspireMe-GiftBoxes'])"> Gift Boxes </a><a itemprop="url" href='/d/872/top-10-whiskies' class='subnav__link ' title="Top 10 Whiskies" onclick="_gaq.push(['_trackEvent', 'Navigation', 'click', 'GiftIdeas-InspireMe-Top10Whiskies'])"> Top 10 Whiskies </a><a itemprop="url" href='/giftsets/spirits' class='subnav__link ' title="Spirits Gifts" onclick="_gaq.push(['_trackEvent', 'Navigation', 'click', 'GiftIdeas-InspireMe-SpiritsGifts'])"> Spirits Gifts </a><a itemprop="url" href='/giftsets/whisky' class='subnav__link ' title="Whisky Gifts" onclick="_gaq.push(['_trackEvent', 'Navigation', 'click', 'GiftIdeas-InspireMe-WhiskyGifts'])"> Whisky Gifts </a></div><div class="subnav__column subnav__column--w25"><h3 class="subnav__title"> Gifts by Occasion </h3><a itemprop="url" href='/d/796/wedding-gifts' class='subnav__link subnav__link--grid ' title="Wedding Gifts" onclick="_gaq.push(['_trackEvent', 'Navigation', 'click', 'GiftIdeas-GiftsbyOccasion-WeddingsGifts-WeddingGifts'])"><i class="tweicon tweicon--bubbles subnav__col-icon"></i><span class="subnav__col-title">Wedding Gifts</span></a><a itemprop="url" href='/d/795/wedding-favours' class='subnav__link subnav__link--grid ' title="Wedding Favours" onclick="_gaq.push(['_trackEvent', 'Navigation', 'click', 'GiftIdeas-GiftsbyOccasion-WeddingFavours'])"><i class="tweicon tweicon--weddingfavours subnav__col-icon"></i><span class="subnav__col-title">Wedding Favours</span></a><a itemprop="url" href='/whisky/birthday-and-anniversary' class='subnav__link subnav__link--grid ' title="Birthdays & Anniversaries" onclick="_gaq.push(['_trackEvent', 'Navigation', 'click', 'GiftIdeas-GiftsbyOccasion-BirthdaysAnniversaries'])"><i class="tweicon tweicon--birthdayandanniversaries subnav__col-icon"></i><span class="subnav__col-title">Birthdays & Anniversaries</span></a><a class="subnav__sub-title" itemprop="url" href="/whisky/birthday-and-anniversary" title="Popular Ages">Popular Ages</a><div class="subnav-box"><a class="subnav-box__link" itemprop="url" href="/whisky/age/10-year-old-whisky" title="10 Year Old Whisky">10</a><a class="subnav-box__link" itemprop="url" href="/whisky/age/18-year-old-whisky" title="18 Year Old Whisky">18</a><a class="subnav-box__link" itemprop="url" href="/whisky/age/21-year-old-whisky" title="21 Year Old Whisky">21</a><a class="subnav-box__link" itemprop="url" href="/whisky/age/25-year-old-whisky" title="25 Year Old Whisky">25</a><a class="subnav-box__link" itemprop="url" href="/whisky/age/30-year-old-whisky" title="30 Year Old Whisky">30</a><a class="subnav-box__link" itemprop="url" href="/whisky/age/40-year-old-whisky" title="40 Year Old Whisky">40</a><a class="subnav-box__link" itemprop="url" href="/whisky/age/50-year-old-whisky" title="50 Year Old Whisky">50</a><a class="subnav-box__link subnav-box__link--more" itemprop="url" href="/whisky/birthday-and-anniversary" title="More Birthday & Anniversary Whisky">More</a></div><a class="subnav__sub-title" itemprop="url" href="/whisky/birthday-and-anniversary" title="Popular Ages">Popular Vintages</a><div class="subnav-box"><a class="subnav-box__link" itemprop="url" href="/whisky/vintage/1960-vintage-whisky" title="1960 Vintage Whisky">1960</a><a class="subnav-box__link" itemprop="url" href="/whisky/vintage/1970-vintage-whisky" title="1970 Vintage Whisky">1970</a><a class="subnav-box__link" itemprop="url" href="/whisky/vintage/1980-vintage-whisky" title="1980 Vintage Whisky">1980</a><a class="subnav-box__link" itemprop="url" href="/whisky/vintage/1985-vintage-whisky" title="1985 Vintage Whisky">1985</a><a class="subnav-box__link" itemprop="url" href="/whisky/vintage/1990-vintage-whisky" title="1990 Vintage Whisky">1990</a><a class="subnav-box__link" itemprop="url" href="/whisky/vintage/1999-vintage-whisky" title="1999 Vintage Whisky">1999</a><a class="subnav-box__link" itemprop="url" href="/whisky/vintage/2002-vintage-whisky" title="2002 Vintage Whisky">2002</a><a class="subnav-box__link subnav-box__link--more" itemprop="url" href="/whisky/birthday-and-anniversary">More</a></div></div></div></div></div><div class="navbar__container"><a itemprop="url" class="navbar__link js-navbar__link " href="/scotch-whisky" title="Scotch Whisky">Scotch <span class="navbar__line">Whisky</span></a><div class="subnav js-subnav"><div class="subnav__container subnav--flex-row"><div class="subnav__column subnav__column--w20"><a itemprop="url" href='/scotch-whisky' class='subnav__link subnav__link--underline subnav__link--grid' title="Scotch Whisky" onclick="_gaq.push(['_trackEvent', 'Navigation', 'click', 'ScotchWhisky-Leftcolumn-ScotchWhisky'])"><i class="tweicon tweicon--home subnav__col-icon"></i><span class="subnav__col-title">Scotch Whisky</span></a><a itemprop="url" href='/brands/scotchwhisky' class='subnav__link subnav__link--underline subnav__link--grid' title="A to Z of Scotch Whisky" onclick="_gaq.push(['_trackEvent', 'Navigation', 'click', 'ScotchWhisky-Leftcolumn-AZOfScotchWhisky'])"><i class="tweicon tweicon--az subnav__col-icon"></i><span class="subnav__col-title">A-Z Of Scotch Whisky</span></a><a itemprop="url" href='/new-products/standard-whisky' class='subnav__link subnav__link--underline subnav__link--grid' title="New Scotch Whisky" onclick="_gaq.push(['_trackEvent', 'Navigation', 'click', 'ScotchWhisky-Leftcolumn-NewScotchWhisky'])"><i class="tweicon tweicon--new subnav__col-icon"></i><span class="subnav__col-title">New Scotch Whisky</span></a><a itemprop="url" href='/specialoffers/whisky' class='subnav__link subnav__link--underline subnav__link--grid' title="Special Offers" onclick="_gaq.push(['_trackEvent', 'Navigation', 'click', 'ScotchWhisky-Leftcolumn-SpecialOffers'])"><i class="tweicon tweicon--specialoffer subnav__col-icon"></i><span class="subnav__col-title">Special Offers</span></a><a itemprop="url" href='/exclusive-to-us' class='subnav__link subnav__link--underline subnav__link--grid' title="Exclusive Bottlings" onclick="_gaq.push(['_trackEvent', 'Navigation', 'click', 'ScotchWhisky-Leftcolumn-ExclusiveBottlings'])"><i class="tweicon tweicon--exclusive subnav__col-icon"></i><span class="subnav__col-title">Exclusive Bottlings</span></a><a itemprop="url" href='/d/872/top-10-whiskies' class='subnav__link subnav__link--underline subnav__link--grid' title="Top 10 Whiskies" onclick="_gaq.push(['_trackEvent', 'Navigation', 'click', 'ScotchWhisky-Leftcolumn-Top10Whiskies'])"><i class="tweicon tweicon--whiskycollection subnav__col-icon"></i><span class="subnav__col-title">Top 10 Whiskies</span></a></div><div class="subnav__column subnav__column--w20"><h3 class="subnav__title"> Shop by Type </h3><a itemprop="url" href='/c/40/single-malt-scotch-whisky' class='subnav__link ' title="Single Malt Whisky" onclick="_gaq.push(['_trackEvent', 'Navigation', 'click', 'ScotchWhisky-ShopbyType-SingleMaltWhisky'])"> Single Malt Whisky </a><a itemprop="url" class="subnav__link subnav__link--lowercase" href="/c/316/campbeltown-single-malt-scotch-whisky" title="Campbeltown Single Malt Scotch Whisky" onclick="_gaq.push(['_trackEvent', 'Navigation', 'click', 'ScotchWhisky-ShopbyType-SingleMaltWhisky-Campbeltown'])">Campbeltown</a><a itemprop="url" class="subnav__link subnav__link--lowercase" href="/c/313/highland-single-malt-scotch-whisky" title="Highland Single Malt Scotch Whisky" onclick="_gaq.push(['_trackEvent', 'Navigation', 'click', 'ScotchWhisky-ShopbyType-SingleMaltWhisky-Highland'])">Highland</a><a itemprop="url" class="subnav__link subnav__link--lowercase" href="/c/315/island-single-malt-scotch-whisky" title="Island Single Malt Scotch Whisky" onclick="_gaq.push(['_trackEvent', 'Navigation', 'click', 'ScotchWhisky-ShopbyType-SingleMaltWhisky-Island'])">Island</a><a itemprop="url" class="subnav__link subnav__link--lowercase" href="/c/50/islay-single-malt-scotch-whisky" title="Islay Single Malt Scotch Whisky" onclick="_gaq.push(['_trackEvent', 'Navigation', 'click', 'ScotchWhisky-ShopbyType-SingleMaltWhisky-Islay'])">Islay</a><a itemprop="url" class="subnav__link subnav__link--lowercase" href="/c/312/lowland-single-malt-scotch-whisky" title="Lowland Single Malt Scotch Whisky" onclick="_gaq.push(['_trackEvent', 'Navigation', 'click', 'ScotchWhisky-ShopbyType-SingleMaltWhisky-Lowland'])">Lowland</a><a itemprop="url" class="subnav__link subnav__link--lowercase" href="/c/314/speyside-single-malt-scotch-whisky" title="Speyside Single Malt Scotch Whisky" onclick="_gaq.push(['_trackEvent', 'Navigation', 'click', 'ScotchWhisky-ShopbyType-SingleMaltWhisky-Speyside'])">Speyside</a><a itemprop="url" href='/c/304/blended-scotch-whisky' class='subnav__link ' title="Blended Whisky" onclick="_gaq.push(['_trackEvent', 'Navigation', 'click', 'ScotchWhisky-ShopbyType-BlendedWhisky'])"> Blended Whisky </a><a itemprop="url" href='/c/309/blended-malt-scotch-whisky' class='subnav__link ' title="Blended Malt" onclick="_gaq.push(['_trackEvent', 'Navigation', 'click', 'ScotchWhisky-ShopbyType-BlendedMalt'])"> Blended Malt </a><a itemprop="url" href='/c/310/grain-scotch-whisky' class='subnav__link ' title="Grain Whisky" onclick="_gaq.push(['_trackEvent', 'Navigation', 'click', 'ScotchWhisky-ShopbyType-GrainWhisky'])"> Grain Whisky </a><a itemprop="url" href='/d/677/organic-whisky' class='subnav__link ' title="Organic Whisky" onclick="_gaq.push(['_trackEvent', 'Navigation', 'click', 'ScotchWhisky-ShopbyType-OrganicWhisky'])"> Organic Whisky </a><a itemprop="url" href='/c/40/single-malt-scotch-whisky?filter=true&rfdata=~bottler.Distillery_Bottling&bottler=Distillery%2bBottling' class='subnav__link ' title="Distillery Bottlings" onclick="_gaq.push(['_trackEvent', 'Navigation', 'click', 'ScotchWhisky-ShopbyType-DistilleryBottlings'])"> Distillery Bottlings </a><a itemprop="url" href='/c/40/single-malt-scotch-whisky?filter=true&rfdata=%7ebottler.Independent_Bottling&bottler=Independent%2bBottling' class='subnav__link ' title="Independent Bottlings" onclick="_gaq.push(['_trackEvent', 'Navigation', 'click', 'ScotchWhisky-ShopbyType-IndependentBottlings'])"> Independent Bottlings </a></div><div class="subnav__column subnav__column--w20"><h3 class="subnav__title"> Shop by Flavour </h3><a itemprop="url" href='/feature/whiskybyflavour' class='subnav__link ' title="Whisky by Flavour" onclick="_gaq.push(['_trackEvent', 'Navigation', 'click', 'ScotchWhisky-ShopbyFlavour-WhiskybyFlavour'])"> Whisky by Flavour </a><a itemprop="url" href='/d/738/dried-fruit-and-nut' class='subnav__link subnav__link--lowercase ' title="Dried Fruit and Nut" onclick="_gaq.push(['_trackEvent', 'Navigation', 'click', 'ScotchWhisky-ShopbyFlavour-WhiskybyFlavour-DriedFruitandNut'])"> Dried Fruit and Nut </a><a itemprop="url" href='/d/740/elegant-and-floral' class='subnav__link subnav__link--lowercase ' title="Elegant and Floral" onclick="_gaq.push(['_trackEvent', 'Navigation', 'click', 'ScotchWhisky-ShopbyFlavour-WhiskybyFlavour-ElegantandFloral'])"> Elegant and Floral </a><a itemprop="url" href='/d/741/fresh-fruit-and-vanilla' class='subnav__link subnav__link--lowercase ' title="Fresh Fruit and Vanilla" onclick="_gaq.push(['_trackEvent', 'Navigation', 'click', 'ScotchWhisky-ShopbyFlavour-WhiskybyFlavour-FreshFruitandVanilla'])"> Fresh Fruit and Vanilla </a><a itemprop="url" href='/d/742/malt-and-honey' class='subnav__link subnav__link--lowercase ' title="Malt and Honey" onclick="_gaq.push(['_trackEvent', 'Navigation', 'click', 'ScotchWhisky-ShopbyFlavour-WhiskybyFlavour-MaltandHoney'])"> Malt and Honey </a><a itemprop="url" href='/d/743/maritime-and-smoky' class='subnav__link subnav__link--lowercase ' title="Maritime and Smoky" onclick="_gaq.push(['_trackEvent', 'Navigation', 'click', 'ScotchWhisky-ShopbyFlavour-WhiskybyFlavour-MaritimeandSmoky'])"> Maritime and Smoky </a><a itemprop="url" href='/d/744/peat-and-fruit' class='subnav__link subnav__link--lowercase ' title="Peat and Fruit" onclick="_gaq.push(['_trackEvent', 'Navigation', 'click', 'ScotchWhisky-ShopbyFlavour-WhiskybyFlavour-PeatandFruit'])"> Peat and Fruit </a><a itemprop="url" href='/d/745/rich-and-peaty' class='subnav__link subnav__link--lowercase ' title="Rich and Peaty" onclick="_gaq.push(['_trackEvent', 'Navigation', 'click', 'ScotchWhisky-ShopbyFlavour-WhiskybyFlavour-RichandPeaty'])"> Rich and Peaty </a><a itemprop="url" href='/d/746/rich-fruit-and-spice' class='subnav__link subnav__link--lowercase ' title="Rich Fruit and Spice" onclick="_gaq.push(['_trackEvent', 'Navigation', 'click', 'ScotchWhisky-ShopbyFlavour-WhiskybyFlavour-RichFruitandSpice'])"> Rich Fruit and Spice </a></div><div class="subnav__column subnav__column--w20"><h3 class="subnav__title"> Shop by Brand </h3><a itemprop="url" class="subnav__link" href="/b/40/arran-single-malt-scotch-whisky" title="Arran" onclick="_gaq.push(['_trackEvent', 'Navigation', 'click', 'ScotchWhisky-ShopbyBrand-ScotchwhiskyBrands-Arran'])">Arran</a><a itemprop="url" class="subnav__link" href="/b/40/benriach-single-malt-scotch-whisky" title="Benriach" onclick="_gaq.push(['_trackEvent', 'Navigation', 'click', 'ScotchWhisky-ShopbyBrand-ScotchwhiskyBrands-Benriach'])">Benriach</a><a itemprop="url" class="subnav__link" href="/b/40/dalmore-single-malt-scotch-whisky" title="Dalmore" onclick="_gaq.push(['_trackEvent', 'Navigation', 'click', 'ScotchWhisky-ShopbyBrand-ScotchwhiskyBrands-Dalmore'])">Dalmore</a><a itemprop="url" class="subnav__link" href="/b/40/dalwhinnie-single-malt-scotch-whisky" title="Dalwhinnie" onclick="_gaq.push(['_trackEvent', 'Navigation', 'click', 'ScotchWhisky-ShopbyBrand-ScotchwhiskyBrands-Dalwhinnie'])">Dalwhinnie</a><a itemprop="url" class="subnav__link" href="/b/40/glen-moray-single-malt-scotch-whisky" title="Glen Moray" onclick="_gaq.push(['_trackEvent', 'Navigation', 'click', 'ScotchWhisky-ShopbyBrand-ScotchwhiskyBrands-GlenMoray'])">Glen Moray</a><a itemprop="url" class="subnav__link" href="/b/40/glenfarclas-single-malt-scotch-whisky" title="Glenfarclas" onclick="_gaq.push(['_trackEvent', 'Navigation', 'click', 'ScotchWhisky-ShopbyBrand-ScotchwhiskyBrands-Glenfarclas'])">Glenfarclas</a><a itemprop="url" class="subnav__link" href="/b/40/kilchoman-single-malt-scotch-whisky" title="Kilchoman" onclick="_gaq.push(['_trackEvent', 'Navigation', 'click', 'ScotchWhisky-ShopbyBrand-ScotchwhiskyBrands-Kilchoman'])">Kilchoman</a><a itemprop="url" class="subnav__link" href="/b/40/macallan-single-malt-scotch-whisky" title="Macallan" onclick="_gaq.push(['_trackEvent', 'Navigation', 'click', 'ScotchWhisky-ShopbyBrand-ScotchwhiskyBrands-Macallan'])">Macallan</a><a itemprop="url" class="subnav__link" href="/b/40/port-charlotte-single-malt-scotch-whisky" title="Port Charlotte" onclick="_gaq.push(['_trackEvent', 'Navigation', 'click', 'ScotchWhisky-ShopbyBrand-ScotchwhiskyBrands-PortCharlotte'])">Port Charlotte</a><a itemprop="url" class="subnav__link" href="/b/309/the-whisky-exchange-blended-malt-scotch-whisky" title="The Whisky Exchange" onclick="_gaq.push(['_trackEvent', 'Navigation', 'click', 'ScotchWhisky-ShopbyBrand-ScotchwhiskyBrands-TheWhiskyExchange'])">The Whisky Exchange</a><a itemprop="url" href='/brands/scotchwhisky' class='subnav__link subnav__link--lowercase ' title="See all brands >" onclick="_gaq.push(['_trackEvent', 'Navigation', 'click', 'ScotchWhisky-ShopbyBrand-Seeallbrands'])"> See all brands ></a></div><div class="subnav__column subnav__column--w20"><h3 class="subnav__title"> Whisky Gifts </h3><a itemprop="url" href='/personalisedlabels' class='subnav__link subnav__link--grid ' title="Personalised Labels" onclick="_gaq.push(['_trackEvent', 'Navigation', 'click', 'ScotchWhisky-WhiskyGifts-PersonalisedLabels'])"><i class="tweicon tweicon--champagne-gifts subnav__col-icon"></i><span class="subnav__col-title">Personalised Labels</span></a><a itemprop="url" href='/c/828/sample-gift-sets' class='subnav__link subnav__link--grid ' title="Perfect Measure Sets" onclick="_gaq.push(['_trackEvent', 'Navigation', 'click', 'ScotchWhisky-WhiskyGifts-PerfectMeasureSets'])"><i class="tweicon tweicon--tasting subnav__col-icon"></i><span class="subnav__col-title">Perfect Measure Sets</span></a><a itemprop="url" href='/d/656/scotch-whisky-gifts' class='subnav__link subnav__link--grid ' title="Scotch Whisky Gifts" onclick="_gaq.push(['_trackEvent', 'Navigation', 'click', 'ScotchWhisky-WhiskyGifts-ScotchWhiskyGifts'])"><i class="tweicon tweicon--whiskygifts subnav__col-icon"></i><span class="subnav__col-title">Scotch Whisky Gifts</span></a><a itemprop="url" href='/whisky/birthday-and-anniversary' class='subnav__link subnav__link--grid ' title="Birthdays & Anniversaries" onclick="_gaq.push(['_trackEvent', 'Navigation', 'click', 'ScotchWhisky-WhiskyGifts-BirthdaysAnniversaries'])"><i class="tweicon tweicon--birthdayandanniversaries subnav__col-icon"></i><span class="subnav__col-title">Birthdays & Anniversaries</span></a><a itemprop="url" href='/c/306/scotch-whisky-decanters' class='subnav__link subnav__link--grid ' title="Scotch Whisky Decanters" onclick="_gaq.push(['_trackEvent', 'Navigation', 'click', 'ScotchWhisky-WhiskyGifts-ScotchWhiskyDecanters'])"><i class="tweicon tweicon--whiskycollection subnav__col-icon"></i><span class="subnav__col-title">Scotch Whisky Decanters</span></a><a itemprop="url" href='/c/423/whisky-books' class='subnav__link subnav__link--grid ' title="Whisky Books" onclick="_gaq.push(['_trackEvent', 'Navigation', 'click', 'ScotchWhisky-WhiskyGifts-WhiskyBooks'])"><i class="tweicon tweicon--books subnav__col-icon"></i><span class="subnav__col-title">Whisky Books</span></a><a itemprop="url" href='/feature/whiskyoftheyear' class='subnav__link subnav__link--grid ' title="Whisky of the Year" onclick="_gaq.push(['_trackEvent', 'Navigation', 'click', 'ScotchWhisky-WhiskyGifts-WhiskyoftheYear'])"><i class="tweicon tweicon--whiskyoftheyear subnav__col-icon"></i><span class="subnav__col-title">Whisky of the Year</span></a></div></div></div></div><div class="navbar__container"><a itemprop="url" class="navbar__link js-navbar__link " href="/world-whisky" title="World Whisky">World <span class="navbar__line">Whisky</span></a><div class="subnav js-subnav"><div class="subnav__container subnav--flex-row"><div class="subnav__column subnav__column--w20"><a itemprop="url" href='/world-whisky' class='subnav__link subnav__link--underline subnav__link--grid' title="World Whisky" onclick="_gaq.push(['_trackEvent', 'Navigation', 'click', 'WorldWhisky-Leftcolumn-WorldWhisky'])"><i class="tweicon tweicon--home subnav__col-icon"></i><span class="subnav__col-title">World Whisky</span></a><a itemprop="url" href='/brands/worldwhisky' class='subnav__link subnav__link--underline subnav__link--grid' title="A to Z of World Whisky" onclick="_gaq.push(['_trackEvent', 'Navigation', 'click', 'WorldWhisky-Leftcolumn-AZofWorldWhisky'])"><i class="tweicon tweicon--az subnav__col-icon"></i><span class="subnav__col-title">A-Z of World Whisky</span></a><a itemprop="url" href='/productnews/whisky' class='subnav__link subnav__link--underline subnav__link--grid' title="New Whisky" onclick="_gaq.push(['_trackEvent', 'Navigation', 'click', 'WorldWhisky-Leftcolumn-NewWhisky'])"><i class="tweicon tweicon--new subnav__col-icon"></i><span class="subnav__col-title">New Whisky</span></a><a itemprop="url" href='/specialoffers/whisky' class='subnav__link subnav__link--underline subnav__link--grid' title="Special Offers" onclick="_gaq.push(['_trackEvent', 'Navigation', 'click', 'WorldWhisky-Leftcolumn-SpecialOffers'])"><i class="tweicon tweicon--specialoffer subnav__col-icon"></i><span class="subnav__col-title">Special Offers</span></a><a itemprop="url" href='/exclusive-to-us' class='subnav__link subnav__link--underline subnav__link--grid' title="Exclusive Bottlings" onclick="_gaq.push(['_trackEvent', 'Navigation', 'click', 'WorldWhisky-Leftcolumn-ExclusiveBottlings'])"><i class="tweicon tweicon--exclusive subnav__col-icon"></i><span class="subnav__col-title">Exclusive Bottlings</span></a><a itemprop="url" href='/d/872/top-10-whiskies' class='subnav__link subnav__link--underline subnav__link--grid' title="Top 10 Whiskies" onclick="_gaq.push(['_trackEvent', 'Navigation', 'click', 'WorldWhisky-Leftcolumn-Top10Whiskies'])"><i class="tweicon tweicon--whiskycollection subnav__col-icon"></i><span class="subnav__col-title">Top 10 Whiskies</span></a></div><div class="subnav__column subnav__column--w60"><h3 class="subnav__title"> Shop by Type </h3><div class="subnav--flex-row"><div class="subnav__column subnav__column--w33"><a itemprop="url" href='/c/33/american-whiskey' class='subnav__link ' title="American Whiskey" onclick="_gaq.push(['_trackEvent', 'Navigation', 'click', 'WorldWhisky-ShopbyType-AmericanWhiskey'])"> American Whiskey </a><a itemprop="url" class="subnav__link subnav__link--lowercase" href="/c/639/bourbon-whiskey" title="Bourbon Whiskey" onclick="_gaq.push(['_trackEvent', 'Navigation', 'click', 'WorldWhisky-ShopbyType-AmericanWhiskey-Bourbon'])">Bourbon</a><a itemprop="url" class="subnav__link subnav__link--lowercase" href="/c/637/corn-american-whiskey" title="Corn American Whiskey" onclick="_gaq.push(['_trackEvent', 'Navigation', 'click', 'WorldWhisky-ShopbyType-AmericanWhiskey-Corn'])">Corn</a><a itemprop="url" class="subnav__link subnav__link--lowercase" href="/c/784/american-malt-whiskey" title="American Malt Whiskey" onclick="_gaq.push(['_trackEvent', 'Navigation', 'click', 'WorldWhisky-ShopbyType-AmericanWhiskey-Malt'])">Malt</a><a itemprop="url" class="subnav__link subnav__link--lowercase" href="/c/328/rye-american-whiskey" title="Rye American Whiskey" onclick="_gaq.push(['_trackEvent', 'Navigation', 'click', 'WorldWhisky-ShopbyType-AmericanWhiskey-Rye'])">Rye</a><a itemprop="url" class="subnav__link subnav__link--lowercase" href="/c/327/tennessee-whiskey" title="Tennessee Whiskey" onclick="_gaq.push(['_trackEvent', 'Navigation', 'click', 'WorldWhisky-ShopbyType-AmericanWhiskey-Tennessee'])">Tennessee</a><a itemprop="url" class="subnav__link subnav__link--lowercase" href="/c/638/wheat-american-whiskey" title="Wheat American Whiskey" onclick="_gaq.push(['_trackEvent', 'Navigation', 'click', 'WorldWhisky-ShopbyType-AmericanWhiskey-Wheat'])">Wheat</a><a itemprop="url" class="subnav__link subnav__link--lowercase" href="/c/640/white-dog-american-whiskey" title="White Dog American Whiskey" onclick="_gaq.push(['_trackEvent', 'Navigation', 'click', 'WorldWhisky-ShopbyType-AmericanWhiskey-WhiteDog'])">White Dog</a><a itemprop="url" class="subnav__link subnav__link--lowercase" href="/c/498/other-american-whiskey" title="Other American Whiskey" onclick="_gaq.push(['_trackEvent', 'Navigation', 'click', 'WorldWhisky-ShopbyType-AmericanWhiskey-OtherAmerican'])">Other American</a><a itemprop="url" href='/c/34/canadian-whisky' class='subnav__link ' title="Canadian Whisky" onclick="_gaq.push(['_trackEvent', 'Navigation', 'click', 'WorldWhisky-ShopbyType-CanadianWhisky'])"> Canadian Whisky </a><a itemprop="url" href='/c/317/indian-whisky' class='subnav__link ' title="Indian Whisky" onclick="_gaq.push(['_trackEvent', 'Navigation', 'click', 'WorldWhisky-ShopbyType-IndianWhisky'])"> Indian Whisky </a></div><div class="subnav__column subnav__column--w33"><a itemprop="url" href='/c/35/japanese-whisky' class='subnav__link ' title="Japanese Whisky" onclick="_gaq.push(['_trackEvent', 'Navigation', 'click', 'WorldWhisky-ShopbyType-JapaneseWhisky'])"> Japanese Whisky </a><a itemprop="url" href='/c/32/irish-whiskey' class='subnav__link ' title="Irish Whiskey" onclick="_gaq.push(['_trackEvent', 'Navigation', 'click', 'WorldWhisky-ShopbyType-IrishWhiskey'])"> Irish Whiskey </a><a itemprop="url" class="subnav__link subnav__link--lowercase" href="/c/321/blended-irish-whiskey" title="Blended Irish Whiskey" onclick="_gaq.push(['_trackEvent', 'Navigation', 'click', 'WorldWhisky-ShopbyType-IrishWhiskey-Blended'])">Blended</a><a itemprop="url" class="subnav__link subnav__link--lowercase" href="/c/323/single-grain-irish-whiskey" title="Single Grain Irish Whiskey" onclick="_gaq.push(['_trackEvent', 'Navigation', 'click', 'WorldWhisky-ShopbyType-IrishWhiskey-SingleGrain'])">Single Grain</a><a itemprop="url" class="subnav__link subnav__link--lowercase" href="/c/320/single-malt-irish-whiskey" title="Single Malt Irish Whiskey" onclick="_gaq.push(['_trackEvent', 'Navigation', 'click', 'WorldWhisky-ShopbyType-IrishWhiskey-SingleMalt'])">Single Malt</a><a itemprop="url" class="subnav__link subnav__link--lowercase" href="/c/322/single-pot-still-irish-whiskey" title="Single Pot Still Irish Whiskey" onclick="_gaq.push(['_trackEvent', 'Navigation', 'click', 'WorldWhisky-ShopbyType-IrishWhiskey-SinglePotStill'])">Single Pot Still</a><a itemprop="url" href='/c/493/english-whisky' class='subnav__link ' title="English Whisky" onclick="_gaq.push(['_trackEvent', 'Navigation', 'click', 'WorldWhisky-ShopbyType-EnglishWhisky'])"> English Whisky </a><a itemprop="url" href='/c/540/taiwanese-whisky' class='subnav__link ' title="Taiwanese Whisky" onclick="_gaq.push(['_trackEvent', 'Navigation', 'click', 'WorldWhisky-ShopbyType-TaiwaneseWhisky'])"> Taiwanese Whisky </a><a itemprop="url" href='/d/677/organic-whisky' class='subnav__link ' title="Organic Whisky" onclick="_gaq.push(['_trackEvent', 'Navigation', 'click', 'WorldWhisky-ShopbyType-OrganicWhisky'])"> Organic Whisky </a><a itemprop="url" href='/c/517/malt-spirits' class='subnav__link ' title="Malt Spirits" onclick="_gaq.push(['_trackEvent', 'Navigation', 'click', 'WorldWhisky-ShopbyType-MaltSpirits'])"> Malt Spirits </a></div><div class="subnav__column subnav__column--w33"><a itemprop="url" href='/c/305/world-whisky' class='subnav__link ' title="Rest of the World" onclick="_gaq.push(['_trackEvent', 'Navigation', 'click', 'WorldWhisky-ShopbyType-RestoftheWorld'])"> Rest of the World </a><a itemprop="url" class="subnav__link subnav__link--lowercase" href="/c/453/australian-whisky" title="Australian Whisky" onclick="_gaq.push(['_trackEvent', 'Navigation', 'click', 'WorldWhisky-ShopbyType-RestoftheWorld-Australian'])">Australian</a><a itemprop="url" class="subnav__link subnav__link--lowercase" href="/c/839/belgian-whisky" title="Belgian Whisky" onclick="_gaq.push(['_trackEvent', 'Navigation', 'click', 'WorldWhisky-ShopbyType-RestoftheWorld-Belgian'])">Belgian</a><a itemprop="url" class="subnav__link subnav__link--lowercase" href="/c/733/danish-whisky" title="Danish Whisky" onclick="_gaq.push(['_trackEvent', 'Navigation', 'click', 'WorldWhisky-ShopbyType-RestoftheWorld-Danish'])">Danish</a><a itemprop="url" class="subnav__link subnav__link--lowercase" href="/c/481/dutch-whisky" title="Dutch Whisky" onclick="_gaq.push(['_trackEvent', 'Navigation', 'click', 'WorldWhisky-ShopbyType-RestoftheWorld-Dutch'])">Dutch</a><a itemprop="url" class="subnav__link subnav__link--lowercase" href="/c/520/finnish-whisky" title="Finnish Whisky" onclick="_gaq.push(['_trackEvent', 'Navigation', 'click', 'WorldWhisky-ShopbyType-RestoftheWorld-Finnish'])">Finnish</a><a itemprop="url" class="subnav__link subnav__link--lowercase" href="/c/477/french-whisky" title="French Whisky" onclick="_gaq.push(['_trackEvent', 'Navigation', 'click', 'WorldWhisky-ShopbyType-RestoftheWorld-French'])">French</a><a itemprop="url" class="subnav__link subnav__link--lowercase" href="/c/610/german-whisky" title="German Whisky" onclick="_gaq.push(['_trackEvent', 'Navigation', 'click', 'WorldWhisky-ShopbyType-RestoftheWorld-German'])">German</a><a itemprop="url" class="subnav__link subnav__link--lowercase" href="/c/921/israeli-whisky" title="Israeli Whisky" onclick="_gaq.push(['_trackEvent', 'Navigation', 'click', 'WorldWhisky-ShopbyType-RestoftheWorld-Israeli'])">Israeli</a><a itemprop="url" class="subnav__link subnav__link--lowercase" href="/c/318/new-zealand-whisky" title="New Zealand Whisky" onclick="_gaq.push(['_trackEvent', 'Navigation', 'click', 'WorldWhisky-ShopbyType-RestoftheWorld-NewZealand'])">New Zealand</a><a itemprop="url" class="subnav__link subnav__link--lowercase" href="/c/1062/mexican-whisky" title="Mexican Whisky" onclick="_gaq.push(['_trackEvent', 'Navigation', 'click', 'WorldWhisky-ShopbyType-RestoftheWorld-Mexican'])">Mexican</a><a itemprop="url" class="subnav__link subnav__link--lowercase" href="/c/516/south-african-whisky" title="South African Whisky" onclick="_gaq.push(['_trackEvent', 'Navigation', 'click', 'WorldWhisky-ShopbyType-RestoftheWorld-SouthAfrican'])">South African</a><a itemprop="url" class="subnav__link subnav__link--lowercase" href="/c/652/spanish-whisky" title="Spanish Whisky" onclick="_gaq.push(['_trackEvent', 'Navigation', 'click', 'WorldWhisky-ShopbyType-RestoftheWorld-Spanish'])">Spanish</a><a itemprop="url" class="subnav__link subnav__link--lowercase" href="/c/329/swedish-whisky" title="Swedish Whisky" onclick="_gaq.push(['_trackEvent', 'Navigation', 'click', 'WorldWhisky-ShopbyType-RestoftheWorld-Swedish'])">Swedish</a><a itemprop="url" class="subnav__link subnav__link--lowercase" href="/c/755/swiss-whisky" title="Swiss Whisky" onclick="_gaq.push(['_trackEvent', 'Navigation', 'click', 'WorldWhisky-ShopbyType-RestoftheWorld-Swiss'])">Swiss</a><a itemprop="url" class="subnav__link subnav__link--lowercase" href="/c/319/welsh-whisky" title="Welsh Whisky" onclick="_gaq.push(['_trackEvent', 'Navigation', 'click', 'WorldWhisky-ShopbyType-RestoftheWorld-Welsh'])">Welsh</a></div></div></div><div class="subnav__column subnav__column--w20"><h3 class="subnav__title"> Inspiration </h3><a itemprop="url" href='/c/828/sample-gift-sets' class='subnav__link subnav__link--grid ' title="Perfect Measure Sets" onclick="_gaq.push(['_trackEvent', 'Navigation', 'click', 'WorldWhisky-Inspiration-PerfectMeasureSets'])"><i class="tweicon tweicon--tasting subnav__col-icon"></i><span class="subnav__col-title">Perfect Measure Sets</span></a><a itemprop="url" href='/feature/whiskybyflavour' class='subnav__link subnav__link--grid ' title="Whisky by Flavour" onclick="_gaq.push(['_trackEvent', 'Navigation', 'click', 'WorldWhisky-Inspiration-WhiskybyFlavour'])"><i class="tweicon tweicon--whiskycollection subnav__col-icon"></i><span class="subnav__col-title">Whisky by Flavour</span></a><a itemprop="url" href='/d/657/world-whisky-gifts' class='subnav__link subnav__link--grid ' title="World Whisky Gifts" onclick="_gaq.push(['_trackEvent', 'Navigation', 'click', 'WorldWhisky-Inspiration-WorldWhiskyGifts'])"><i class="tweicon tweicon--whiskygifts subnav__col-icon"></i><span class="subnav__col-title">World Whisky Gifts</span></a><a itemprop="url" href='/whisky/birthday-and-anniversary' class='subnav__link subnav__link--grid ' title="Birthdays & Anniversaries" onclick="_gaq.push(['_trackEvent', 'Navigation', 'click', 'WorldWhisky-Inspiration-BirthdaysAnniversaries'])"><i class="tweicon tweicon--birthdayandanniversaries subnav__col-icon"></i><span class="subnav__col-title">Birthdays & Anniversaries</span></a></div></div></div></div><div class="navbar__container"><a itemprop="url" class="navbar__link js-navbar__link " href="/spirits-and-liqueurs" title="Spirits &amp; Liqueurs">Spirits <span class="navbar__line">&amp;&nbsp;Liqueurs</span></a><div class="subnav js-subnav"><div class="subnav__container subnav--flex-row"><div class="subnav__column subnav__column--w20"><a itemprop="url" href='/spirits-and-liqueurs' class='subnav__link subnav__link--underline subnav__link--grid' title="Spirits &amp; Liqueurs" onclick="_gaq.push(['_trackEvent', 'Navigation', 'click', 'SpiritsLiqueurs-Leftcolumn-SpiritsLiqueurs'])"><i class="tweicon tweicon--home subnav__col-icon"></i><span class="subnav__col-title">Spirits &amp; Liqueurs</span></a><a itemprop="url" href='/brands/spirits' class='subnav__link subnav__link--underline subnav__link--grid' title="A-Z of Spirits" onclick="_gaq.push(['_trackEvent', 'Navigation', 'click', 'SpiritsLiqueurs-Leftcolumn-AZofSpirits'])"><i class="tweicon tweicon--az subnav__col-icon"></i><span class="subnav__col-title">A-Z of Spirits</span></a><a itemprop="url" href='/new-products/spirits-and-liqueurs' class='subnav__link subnav__link--underline subnav__link--grid' title="New Spirits" onclick="_gaq.push(['_trackEvent', 'Navigation', 'click', 'SpiritsLiqueurs-Leftcolumn-NewSpirits'])"><i class="tweicon tweicon--new subnav__col-icon"></i><span class="subnav__col-title">New Spirits</span></a><a itemprop="url" href='/specialoffers/spirits' class='subnav__link subnav__link--underline subnav__link--grid' title="Special Offers" onclick="_gaq.push(['_trackEvent', 'Navigation', 'click', 'SpiritsLiqueurs-Leftcolumn-SpecialOffers'])"><i class="tweicon tweicon--specialoffer subnav__col-icon"></i><span class="subnav__col-title">Special Offers</span></a><a itemprop="url" href='/exclusive-to-us' class='subnav__link subnav__link--underline subnav__link--grid' title="Exclusive Bottlings" onclick="_gaq.push(['_trackEvent', 'Navigation', 'click', 'SpiritsLiqueurs-Leftcolumn-ExclusiveBottlings'])"><i class="tweicon tweicon--exclusive subnav__col-icon"></i><span class="subnav__col-title">Exclusive Bottlings</span></a><a itemprop="url" href='/cocktails' class='subnav__link subnav__link--underline subnav__link--grid' title="Cocktail recipes" onclick="_gaq.push(['_trackEvent', 'Navigation', 'click', 'SpiritsLiqueurs-Leftcolumn-Cocktailrecipes'])"><i class="tweicon tweicon--cocktailglasses subnav__col-icon"></i><span class="subnav__col-title">Cocktail recipes</span></a><a itemprop="url" href='/d/874/top-10-gins' class='subnav__link subnav__link--underline subnav__link--grid' title="Top 10 Gins" onclick="_gaq.push(['_trackEvent', 'Navigation', 'click', 'SpiritsLiqueurs-Leftcolumn-Top10Gins'])"><i class="tweicon tweicon--whiskycollection subnav__col-icon"></i><span class="subnav__col-title">Top 10 Gins</span></a><a itemprop="url" href='/d/873/top-10-rums' class='subnav__link subnav__link--underline subnav__link--grid' title="Top 10 Rums" onclick="_gaq.push(['_trackEvent', 'Navigation', 'click', 'SpiritsLiqueurs-Leftcolumn-Top10Rums'])"><i class="tweicon tweicon--whiskycollection subnav__col-icon"></i><span class="subnav__col-title">Top 10 Rums</span></a></div><div class="subnav__column subnav__column--w60"><h3 class="subnav__title"> Shop by Spirit </h3><div class="subnav--flex-row"><div class="subnav__column subnav__column--w25"><a itemprop="url" href='/c/351/cognac' class='subnav__link ' title="Cognac" onclick="_gaq.push(['_trackEvent', 'Navigation', 'click', 'SpiritsLiqueurs-ShopbySpirit-Cognac'])"> Cognac </a><a itemprop="url" class="subnav__link subnav__link--lowercase" href="/c/352/vs-cognac" title="VS Cognac" onclick="_gaq.push(['_trackEvent', 'Navigation', 'click', 'SpiritsLiqueurs-ShopbySpirit-Cognac-VS'])">VS</a><a itemprop="url" class="subnav__link subnav__link--lowercase" href="/c/354/vsop-cognac" title="VSOP Cognac" onclick="_gaq.push(['_trackEvent', 'Navigation', 'click', 'SpiritsLiqueurs-ShopbySpirit-Cognac-VSOP'])">VSOP</a><a itemprop="url" class="subnav__link subnav__link--lowercase" href="/c/433/xo-and-napoleon-cognac" title="XO and Napoléon Cognac" onclick="_gaq.push(['_trackEvent', 'Navigation', 'click', 'SpiritsLiqueurs-ShopbySpirit-Cognac-XOandNapolon'])">XO and Napoléon</a><a itemprop="url" class="subnav__link subnav__link--lowercase" href="/c/432/special-cuvee-cognac" title="Special Cuvée Cognac" onclick="_gaq.push(['_trackEvent', 'Navigation', 'click', 'SpiritsLiqueurs-ShopbySpirit-Cognac-SpecialCuve'])">Special Cuvée</a><a itemprop="url" class="subnav__link subnav__link--lowercase" href="/c/628/vintage-cognac" title="Vintage Cognac" onclick="_gaq.push(['_trackEvent', 'Navigation', 'click', 'SpiritsLiqueurs-ShopbySpirit-Cognac-Vintage'])">Vintage</a><a itemprop="url" class="subnav__link subnav__link--lowercase" href="/c/353/prestige-cognac" title="Prestige Cognac" onclick="_gaq.push(['_trackEvent', 'Navigation', 'click', 'SpiritsLiqueurs-ShopbySpirit-Cognac-Prestige'])">Prestige</a><a itemprop="url" href='/c/355/armagnac' class='subnav__link ' title="Armagnac" onclick="_gaq.push(['_trackEvent', 'Navigation', 'click', 'SpiritsLiqueurs-ShopbySpirit-Armagnac'])"> Armagnac </a><a itemprop="url" class="subnav__link subnav__link--lowercase" href="/c/356/cuvee-armagnac" title="Cuvee Armagnac" onclick="_gaq.push(['_trackEvent', 'Navigation', 'click', 'SpiritsLiqueurs-ShopbySpirit-Armagnac-Cuve'])">Cuvée</a><a itemprop="url" class="subnav__link subnav__link--lowercase" href="/c/357/vintage-armagnac" title="Vintage Armagnac" onclick="_gaq.push(['_trackEvent', 'Navigation', 'click', 'SpiritsLiqueurs-ShopbySpirit-Armagnac-Vintage'])">Vintage</a><a itemprop="url" href='/c/369/calvados-and-cider-brandy' class='subnav__link ' title="Calvados/Cider Brandy" onclick="_gaq.push(['_trackEvent', 'Navigation', 'click', 'SpiritsLiqueurs-ShopbySpirit-CalvadosCiderBrandy'])"> Calvados/Cider Brandy </a><a itemprop="url" href='/c/367/brandy-and-marc' class='subnav__link ' title="Brandy/Marc" onclick="_gaq.push(['_trackEvent', 'Navigation', 'click', 'SpiritsLiqueurs-ShopbySpirit-BrandyMarc'])"> Brandy/Marc </a><a itemprop="url" href='/c/335/vodka' class='subnav__link ' title="Vodka" onclick="_gaq.push(['_trackEvent', 'Navigation', 'click', 'SpiritsLiqueurs-ShopbySpirit-Vodka'])"> Vodka </a><a itemprop="url" class="subnav__link subnav__link--lowercase" href="/c/336/plain-vodka" title="Plain Vodka" onclick="_gaq.push(['_trackEvent', 'Navigation', 'click', 'SpiritsLiqueurs-ShopbySpirit-Vodka-Plain'])">Plain</a><a itemprop="url" class="subnav__link subnav__link--lowercase" href="/c/337/flavoured-vodka" title="Flavoured Vodka" onclick="_gaq.push(['_trackEvent', 'Navigation', 'click', 'SpiritsLiqueurs-ShopbySpirit-Vodka-Flavoured'])">Flavoured</a><a itemprop="url" href='/d/676/organic-spirits' class='subnav__link ' title="Organic Spirits" onclick="_gaq.push(['_trackEvent', 'Navigation', 'click', 'SpiritsLiqueurs-ShopbySpirit-OrganicSpirits'])"> Organic Spirits </a></div><div class="subnav__column subnav__column--w25"><a itemprop="url" href='/c/339/rum' class='subnav__link ' title="Rum" onclick="_gaq.push(['_trackEvent', 'Navigation', 'click', 'SpiritsLiqueurs-ShopbySpirit-Rum'])"> Rum </a><a itemprop="url" href='/c/340/white-rum' class='subnav__link subnav__link--lowercase ' title="White" onclick="_gaq.push(['_trackEvent', 'Navigation', 'click', 'SpiritsLiqueurs-ShopbySpirit-Rum-White'])"> White </a><a itemprop="url" href='/c/518/golden-rum' class='subnav__link subnav__link--lowercase ' title="Golden" onclick="_gaq.push(['_trackEvent', 'Navigation', 'click', 'SpiritsLiqueurs-ShopbySpirit-Rum-Golden'])"> Golden </a><a itemprop="url" href='/c/342/dark-rum' class='subnav__link subnav__link--lowercase ' title="Dark" onclick="_gaq.push(['_trackEvent', 'Navigation', 'click', 'SpiritsLiqueurs-ShopbySpirit-Rum-Dark'])"> Dark </a><a itemprop="url" href='/c/589/spicedflavoured-rum' class='subnav__link subnav__link--lowercase ' title="Spiced/Flavoured" onclick="_gaq.push(['_trackEvent', 'Navigation', 'click', 'SpiritsLiqueurs-ShopbySpirit-Rum-SpicedFlavoured'])"> Spiced/Flavoured </a><a itemprop="url" class='subnav__link ' title="Single Rum" onclick="_gaq.push(['_trackEvent', 'Navigation', 'click', 'SpiritsLiqueurs-ShopbySpirit-SingleRum'])"> Single Rum </a><a itemprop="url" href='/c/966/single-modernist-rum' class='subnav__link subnav__link--lowercase ' title="Modernist" onclick="_gaq.push(['_trackEvent', 'Navigation', 'click', 'SpiritsLiqueurs-ShopbySpirit-SingleRum-Modernist'])"> Modernist </a><a itemprop="url" href='/c/968/single-traditional-pot-rum' class='subnav__link subnav__link--lowercase ' title="Traditional Pot" onclick="_gaq.push(['_trackEvent', 'Navigation', 'click', 'SpiritsLiqueurs-ShopbySpirit-SingleRum-TraditionalPot'])"> Traditional Pot </a><a itemprop="url" href='/c/963/single-traditional-column-rum' class='subnav__link subnav__link--lowercase ' title="Traditional Column" onclick="_gaq.push(['_trackEvent', 'Navigation', 'click', 'SpiritsLiqueurs-ShopbySpirit-SingleRum-TraditionalColumn'])"> Traditional Column </a><a itemprop="url" href='/c/965/single-traditional-blended-rum' class='subnav__link subnav__link--lowercase ' title="Traditional Blended" onclick="_gaq.push(['_trackEvent', 'Navigation', 'click', 'SpiritsLiqueurs-ShopbySpirit-SingleRum-TraditionalBlended'])"> Traditional Blended </a><a itemprop="url" class='subnav__link ' title="Blended Rum" onclick="_gaq.push(['_trackEvent', 'Navigation', 'click', 'SpiritsLiqueurs-ShopbySpirit-BlendedRum'])"> Blended Rum </a><a itemprop="url" href='/c/967/blended-modernist-rum' class='subnav__link subnav__link--lowercase ' title="Modernist" onclick="_gaq.push(['_trackEvent', 'Navigation', 'click', 'SpiritsLiqueurs-ShopbySpirit-BlendedRum-Modernist'])"> Modernist </a><a itemprop="url" href='/c/964/blended-traditionalist-rum' class='subnav__link subnav__link--lowercase ' title="Traditionalist" onclick="_gaq.push(['_trackEvent', 'Navigation', 'click', 'SpiritsLiqueurs-ShopbySpirit-BlendedRum-Traditionalist'])"> Traditionalist </a><a itemprop="url" href='/feature/rumbyflavour' class='subnav__link ' title="Rum By Flavour" onclick="_gaq.push(['_trackEvent', 'Navigation', 'click', 'SpiritsLiqueurs-ShopbySpirit-RumByFlavour'])"> Rum By Flavour </a><a itemprop="url" href='/c/368/cachaca' class='subnav__link ' title="Cachaca" onclick="_gaq.push(['_trackEvent', 'Navigation', 'click', 'SpiritsLiqueurs-ShopbySpirit-Cachaca'])"> Cachaca </a><a itemprop="url" href='/c/931/aguardiente' class='subnav__link ' title="Aguardiente" onclick="_gaq.push(['_trackEvent', 'Navigation', 'click', 'SpiritsLiqueurs-ShopbySpirit-Aguardiente'])"> Aguardiente </a></div><div class="subnav__column subnav__column--w25"><a itemprop="url" href='/c/338/gin' class='subnav__link ' title="Gin" onclick="_gaq.push(['_trackEvent', 'Navigation', 'click', 'SpiritsLiqueurs-ShopbySpirit-Gin'])"> Gin </a><a itemprop="url" class="subnav__link subnav__link--lowercase" href="/c/691/sloe-gin" title="Sloe Gin" onclick="_gaq.push(['_trackEvent', 'Navigation', 'click', 'SpiritsLiqueurs-ShopbySpirit-Gin-SloeGin'])">Sloe Gin</a><a itemprop="url" class="subnav__link subnav__link--lowercase" href="/c/693/flavoured-gin-liqueurs" title="Flavoured Gin Liqueurs" onclick="_gaq.push(['_trackEvent', 'Navigation', 'click', 'SpiritsLiqueurs-ShopbySpirit-Gin-FlavouredGinLiqueurs'])">Flavoured Gin Liqueurs</a><a itemprop="url" class="subnav__link subnav__link--lowercase" href="/c/854/old-tom-gin" title="Old Tom Gin" onclick="_gaq.push(['_trackEvent', 'Navigation', 'click', 'SpiritsLiqueurs-ShopbySpirit-Gin-OldTomGin'])">Old Tom Gin</a><a itemprop="url" class="subnav__link subnav__link--lowercase" href="/c/692/london-gin" title="London Gin" onclick="_gaq.push(['_trackEvent', 'Navigation', 'click', 'SpiritsLiqueurs-ShopbySpirit-Gin-LondonGin'])">London Gin</a><a itemprop="url" class="subnav__link subnav__link--lowercase" href="/c/853/scottish-gin" title="Scottish Gin" onclick="_gaq.push(['_trackEvent', 'Navigation', 'click', 'SpiritsLiqueurs-ShopbySpirit-Gin-ScottishGin'])">Scottish Gin</a><a itemprop="url" class="subnav__link subnav__link--lowercase" href="/c/862/english-gin" title="English Gin" onclick="_gaq.push(['_trackEvent', 'Navigation', 'click', 'SpiritsLiqueurs-ShopbySpirit-Gin-EnglishGin'])">English Gin</a><a itemprop="url" class="subnav__link subnav__link--lowercase" href="/c/855/world-gin" title="World Gin" onclick="_gaq.push(['_trackEvent', 'Navigation', 'click', 'SpiritsLiqueurs-ShopbySpirit-Gin-WorldGin'])">World Gin</a><a itemprop="url" href='/c/623/jenever' class='subnav__link ' title="Jenever" onclick="_gaq.push(['_trackEvent', 'Navigation', 'click', 'SpiritsLiqueurs-ShopbySpirit-Jenever'])"> Jenever </a><a itemprop="url" href='/c/359/tequila' class='subnav__link ' title="Tequila" onclick="_gaq.push(['_trackEvent', 'Navigation', 'click', 'SpiritsLiqueurs-ShopbySpirit-Tequila'])"> Tequila </a><a itemprop="url" class="subnav__link subnav__link--lowercase" href="/c/360/blanco-tequila" title="Blanco Tequila" onclick="_gaq.push(['_trackEvent', 'Navigation', 'click', 'SpiritsLiqueurs-ShopbySpirit-Tequila-Blanco'])">Blanco</a><a itemprop="url" class="subnav__link subnav__link--lowercase" href="/c/361/reposado-tequila" title="Reposado Tequila" onclick="_gaq.push(['_trackEvent', 'Navigation', 'click', 'SpiritsLiqueurs-ShopbySpirit-Tequila-Reposado'])">Reposado</a><a itemprop="url" class="subnav__link subnav__link--lowercase" href="/c/362/anejo-tequila" title="Añejo Tequila" onclick="_gaq.push(['_trackEvent', 'Navigation', 'click', 'SpiritsLiqueurs-ShopbySpirit-Tequila-Aejo'])">Añejo</a><a itemprop="url" class="subnav__link subnav__link--lowercase" href="/c/438/extra-anejo-tequila" title="Extra Añejo Tequila" onclick="_gaq.push(['_trackEvent', 'Navigation', 'click', 'SpiritsLiqueurs-ShopbySpirit-Tequila-ExtraAejo'])">Extra Añejo</a><a itemprop="url" href='/c/363/mezcal' class='subnav__link ' title="Mezcal" onclick="_gaq.push(['_trackEvent', 'Navigation', 'click', 'SpiritsLiqueurs-ShopbySpirit-Mezcal'])"> Mezcal </a><a itemprop="url" href='/c/364/raicilla-sotol-and-bacanora' class='subnav__link ' title="Raicilla/Sotol" onclick="_gaq.push(['_trackEvent', 'Navigation', 'click', 'SpiritsLiqueurs-ShopbySpirit-RaicillaSotol'])"> Raicilla/Sotol </a></div><div class="subnav__column subnav__column--w25"><a itemprop="url" href='/c/358/absinthe' class='subnav__link ' title="Absinthe" onclick="_gaq.push(['_trackEvent', 'Navigation', 'click', 'SpiritsLiqueurs-ShopbySpirit-Absinthe'])"> Absinthe </a><a itemprop="url" href='/c/643/aquavit' class='subnav__link ' title="Aquavit" onclick="_gaq.push(['_trackEvent', 'Navigation', 'click', 'SpiritsLiqueurs-ShopbySpirit-Aquavit'])"> Aquavit </a><a itemprop="url" href='/c/899/arrack' class='subnav__link ' title="Arrack" onclick="_gaq.push(['_trackEvent', 'Navigation', 'click', 'SpiritsLiqueurs-ShopbySpirit-Arrack'])"> Arrack </a><a itemprop="url" href='/c/614/baijiu' class='subnav__link ' title="Baijiu" onclick="_gaq.push(['_trackEvent', 'Navigation', 'click', 'SpiritsLiqueurs-ShopbySpirit-Baijiu'])"> Baijiu </a><a itemprop="url" href='/c/912/botanical-spirits' class='subnav__link ' title="Botanical Spirit" onclick="_gaq.push(['_trackEvent', 'Navigation', 'click', 'SpiritsLiqueurs-ShopbySpirit-BotanicalSpirit'])"> Botanical Spirit </a><a itemprop="url" href='/c/370/eau-de-vie' class='subnav__link ' title="Eau De Vie" onclick="_gaq.push(['_trackEvent', 'Navigation', 'click', 'SpiritsLiqueurs-ShopbySpirit-EauDeVie'])"> Eau De Vie </a><a itemprop="url" href='/c/371/grappa' class='subnav__link ' title="Grappa" onclick="_gaq.push(['_trackEvent', 'Navigation', 'click', 'SpiritsLiqueurs-ShopbySpirit-Grappa'])"> Grappa </a><a itemprop="url" href='/c/1027/pastis' class='subnav__link ' title="Pastis" onclick="_gaq.push(['_trackEvent', 'Navigation', 'click', 'SpiritsLiqueurs-ShopbySpirit-Pastis'])"> Pastis </a><a itemprop="url" href='/c/375/pisco' class='subnav__link ' title="Pisco" onclick="_gaq.push(['_trackEvent', 'Navigation', 'click', 'SpiritsLiqueurs-ShopbySpirit-Pisco'])"> Pisco </a><a itemprop="url" href='/c/376/poteen' class='subnav__link ' title="Poteen" onclick="_gaq.push(['_trackEvent', 'Navigation', 'click', 'SpiritsLiqueurs-ShopbySpirit-Poteen'])"> Poteen </a><a itemprop="url" href='/c/521/raki' class='subnav__link ' title="Raki" onclick="_gaq.push(['_trackEvent', 'Navigation', 'click', 'SpiritsLiqueurs-ShopbySpirit-Raki'])"> Raki </a><a itemprop="url" href='/c/377/shochu' class='subnav__link ' title="Shochu" onclick="_gaq.push(['_trackEvent', 'Navigation', 'click', 'SpiritsLiqueurs-ShopbySpirit-Shochu'])"> Shochu </a><a itemprop="url" href='/c/582/soju' class='subnav__link ' title="Soju" onclick="_gaq.push(['_trackEvent', 'Navigation', 'click', 'SpiritsLiqueurs-ShopbySpirit-Soju'])"> Soju </a><a itemprop="url" href='/c/463/thai-spirit' class='subnav__link ' title="Thai Spirit" onclick="_gaq.push(['_trackEvent', 'Navigation', 'click', 'SpiritsLiqueurs-ShopbySpirit-ThaiSpirit'])"> Thai Spirit </a><a itemprop="url" href='/c/365/vermouths-and-aperitifs' class='subnav__link ' title="Vermouth/Aperitif" onclick="_gaq.push(['_trackEvent', 'Navigation', 'click', 'SpiritsLiqueurs-ShopbySpirit-VermouthAperitif'])"> Vermouth/Aperitif </a></div></div></div><div class="subnav__column subnav__column--w20"><h3 class="subnav__title"> Liqueurs </h3><a itemprop="url" href='/c/343/liqueurs' class='subnav__link ' title="All Liqueurs" onclick="_gaq.push(['_trackEvent', 'Navigation', 'click', 'SpiritsLiqueurs-Liqueurs-AllLiqueurs'])"> All Liqueurs </a><a itemprop="url" class="subnav__link subnav__link--lowercase" href="/c/866/chocolate-and-coffee-liqueurs" title="Chocolate and Coffee Liqueurs" onclick="_gaq.push(['_trackEvent', 'Navigation', 'click', 'SpiritsLiqueurs-Liqueurs-AllLiqueurs-ChocolateandCoffeeLiqueurs'])">Chocolate and Coffee Liqueurs</a><a itemprop="url" class="subnav__link subnav__link--lowercase" href="/c/347/cream-liqueurs" title="Cream Liqueurs" onclick="_gaq.push(['_trackEvent', 'Navigation', 'click', 'SpiritsLiqueurs-Liqueurs-AllLiqueurs-CreamLiqueurs'])">Cream Liqueurs</a><a itemprop="url" class="subnav__link subnav__link--lowercase" href="/c/344/fruit-liqueurs" title="Fruit Liqueurs" onclick="_gaq.push(['_trackEvent', 'Navigation', 'click', 'SpiritsLiqueurs-Liqueurs-AllLiqueurs-FruitLiqueurs'])">Fruit Liqueurs</a><a itemprop="url" class="subnav__link subnav__link--lowercase" href="/c/346/herb-liqueurs" title="Herb Liqueurs" onclick="_gaq.push(['_trackEvent', 'Navigation', 'click', 'SpiritsLiqueurs-Liqueurs-AllLiqueurs-HerbLiqueurs'])">Herb Liqueurs</a><a itemprop="url" class="subnav__link subnav__link--lowercase" href="/c/1063/nut-liqueurs" title="Nut Liqueurs" onclick="_gaq.push(['_trackEvent', 'Navigation', 'click', 'SpiritsLiqueurs-Liqueurs-AllLiqueurs-NutLiqueurs'])">Nut Liqueurs</a><a itemprop="url" class="subnav__link subnav__link--lowercase" href="/c/311/whisky-liqueurs" title="Whisky Liqueurs" onclick="_gaq.push(['_trackEvent', 'Navigation', 'click', 'SpiritsLiqueurs-Liqueurs-AllLiqueurs-WhiskyLiqueurs'])">Whisky Liqueurs</a><a itemprop="url" class="subnav__link subnav__link--lowercase" href="/c/435/other-liqueurs" title="Other Liqueurs" onclick="_gaq.push(['_trackEvent', 'Navigation', 'click', 'SpiritsLiqueurs-Liqueurs-AllLiqueurs-OtherLiqueurs'])">Other Liqueurs</a><h3 class="subnav__title"> Gifts </h3><a itemprop="url" href='/personalisedlabels/gin' class='subnav__link subnav__link--grid ' title="Personalised Gin" onclick="_gaq.push(['_trackEvent', 'Navigation', 'click', 'SpiritsLiqueurs-Gifts-PersonalisedGin'])"><i class="tweicon tweicon--champagne-gifts subnav__col-icon"></i><span class="subnav__col-title">Personalised Gin</span></a><a itemprop="url" href='/c/828/sample-gift-sets' class='subnav__link subnav__link--grid ' title="Perfect Measure Sets" onclick="_gaq.push(['_trackEvent', 'Navigation', 'click', 'SpiritsLiqueurs-Gifts-PerfectMeasureSets'])"><i class="tweicon tweicon--tasting subnav__col-icon"></i><span class="subnav__col-title">Perfect Measure Sets</span></a><a itemprop="url" href='/giftpacks/spirits' class='subnav__link subnav__link--grid ' title="Spirits Gifts" onclick="_gaq.push(['_trackEvent', 'Navigation', 'click', 'SpiritsLiqueurs-Gifts-SpiritsGifts'])"><i class="tweicon tweicon--gift subnav__col-icon"></i><span class="subnav__col-title">Spirits Gifts</span></a><a itemprop="url" href='/feature/spiritoftheyear' class='subnav__link subnav__link--grid ' title="Spirit of the Year" onclick="_gaq.push(['_trackEvent', 'Navigation', 'click', 'SpiritsLiqueurs-Gifts-SpiritoftheYear'])"><i class="tweicon tweicon--spiritoftheyear subnav__col-icon"></i><span class="subnav__col-title">Spirit of the Year</span></a></div></div></div></div><div class="navbar__container"><a itemprop="url" class="navbar__link js-navbar__link " href="/cocktails-and-mixers" title="Cocktails at Home">Cocktails <span class="navbar__line">at&nbsp;Home</span></a><div class="subnav js-subnav"><div class="subnav__container subnav--flex-row"><div class="subnav__column subnav__column--w20"><a itemprop="url" href='/cocktails-and-mixers' class='subnav__link subnav__link--underline subnav__link--grid' title="Cocktails & Mixers" onclick="_gaq.push(['_trackEvent', 'Navigation', 'click', 'CocktailsatHome-Leftcolumn-CocktailsMixers'])"><i class="tweicon tweicon--home subnav__col-icon"></i><span class="subnav__col-title">Cocktails & Mixers</span></a><a itemprop="url" href='/specialoffers/spirits' class='subnav__link subnav__link--underline subnav__link--grid' title="Special Offers" onclick="_gaq.push(['_trackEvent', 'Navigation', 'click', 'CocktailsatHome-Leftcolumn-SpecialOffers'])"><i class="tweicon tweicon--specialoffer subnav__col-icon"></i><span class="subnav__col-title">Special Offers</span></a><a itemprop="url" href='/cocktails' class='subnav__link subnav__link--underline subnav__link--grid' title="Cocktail recipes" onclick="_gaq.push(['_trackEvent', 'Navigation', 'click', 'CocktailsatHome-Leftcolumn-Cocktailrecipes'])"><i class="tweicon tweicon--cocktailglasses subnav__col-icon"></i><span class="subnav__col-title">Cocktail recipes</span></a><a itemprop="url" href='/d/1031/bring-the-bar-home' class='subnav__link subnav__link--underline subnav__link--grid' title="Bring the Bar Home" onclick="_gaq.push(['_trackEvent', 'Navigation', 'click', 'CocktailsatHome-Leftcolumn-BringtheBarHome'])"><i class="tweicon tweicon--barware subnav__col-icon"></i><span class="subnav__col-title">Bring the Bar Home</span></a></div><div class="subnav__column subnav__column--w60"><h3 class="subnav__title"> Shop by Type </h3><div class="subnav--flex-row"><div class="subnav__column subnav__column--w50"><a itemprop="url" href='/c/345/bitters-and-sprays' class='subnav__link ' title="Bitters" onclick="_gaq.push(['_trackEvent', 'Navigation', 'click', 'CocktailsatHome-ShopbyType-Bitters'])"> Bitters </a><a itemprop="url" href='/c/580/pre-mixed-cocktails-and-kits' class='subnav__link ' title="Pre-Mixed Cocktails" onclick="_gaq.push(['_trackEvent', 'Navigation', 'click', 'CocktailsatHome-ShopbyType-PreMixedCocktails'])"> Pre-Mixed Cocktails </a><a itemprop="url" href='/c/649/garnishes' class='subnav__link ' title="Garnishes" onclick="_gaq.push(['_trackEvent', 'Navigation', 'click', 'CocktailsatHome-ShopbyType-Garnishes'])"> Garnishes </a></div><div class="subnav__column subnav__column--w50"><a itemprop="url" href='/c/1013/alcohol-alternatives' class='subnav__link ' title="Alcohol Alternatives" onclick="_gaq.push(['_trackEvent', 'Navigation', 'click', 'CocktailsatHome-ShopbyType-AlcoholAlternatives'])"> Alcohol Alternatives </a><a itemprop="url" class="subnav__link subnav__link--lowercase" href="/c/903/non-alcoholic-spirits" title="Non-Alcoholic Spirits" onclick="_gaq.push(['_trackEvent', 'Navigation', 'click', 'CocktailsatHome-ShopbyType-AlcoholAlternatives-NonAlcoholicSpirits'])">Non-Alcoholic Spirits</a><a itemprop="url" class="subnav__link subnav__link--lowercase" href="/c/1014/non-alcoholic-aperitifs" title="Non-Alcoholic Aperitifs" onclick="_gaq.push(['_trackEvent', 'Navigation', 'click', 'CocktailsatHome-ShopbyType-AlcoholAlternatives-NonAlcoholicAperitifs'])">Non-Alcoholic Aperitifs</a><a itemprop="url" class="subnav__link subnav__link--lowercase" href="/c/1015/low-alcohol-drinks" title="Low-Alcohol Drinks" onclick="_gaq.push(['_trackEvent', 'Navigation', 'click', 'CocktailsatHome-ShopbyType-AlcoholAlternatives-LowAlcoholDrinks'])">Low-Alcohol Drinks</a><a itemprop="url" href='/c/348/soft-drinks-and-syrups' class='subnav__link ' title="Soft Drinks & Syrups" onclick="_gaq.push(['_trackEvent', 'Navigation', 'click', 'CocktailsatHome-ShopbyType-SoftDrinksSyrups'])"> Soft Drinks & Syrups </a><a itemprop="url" class="subnav__link subnav__link--lowercase" href="/c/579/soft-drinks-and-mixers" title="Soft Drinks and Mixers" onclick="_gaq.push(['_trackEvent', 'Navigation', 'click', 'CocktailsatHome-ShopbyType-SoftDrinksSyrups-SoftDrinksandMixers'])">Soft Drinks and Mixers</a><a itemprop="url" class="subnav__link subnav__link--lowercase" href="/c/350/syrups-and-purees" title="Syrups and Purées" onclick="_gaq.push(['_trackEvent', 'Navigation', 'click', 'CocktailsatHome-ShopbyType-SoftDrinksSyrups-SyrupsandPures'])">Syrups and Purées</a></div></div></div><div class="subnav__column subnav__column--w20"><h3 class="subnav__title"> Inspiration </h3><a itemprop="url" href='/c/655/drinks-books' class='subnav__link subnav__link--grid ' title="Cocktail Books" onclick="_gaq.push(['_trackEvent', 'Navigation', 'click', 'CocktailsatHome-Inspiration-CocktailBooks'])"><i class="tweicon tweicon--books subnav__col-icon"></i><span class="subnav__col-title">Cocktail Books</span></a><a itemprop="url" href='/c/716/bar-equipment' class='subnav__link subnav__link--grid ' title="Barware" onclick="_gaq.push(['_trackEvent', 'Navigation', 'click', 'CocktailsatHome-Inspiration-Barware'])"><i class="tweicon tweicon--barware subnav__col-icon"></i><span class="subnav__col-title">Barware</span></a><a itemprop="url" href='/c/400/cocktail-glasses' class='subnav__link subnav__link--grid ' title="Cocktail Glasses" onclick="_gaq.push(['_trackEvent', 'Navigation', 'click', 'CocktailsatHome-Inspiration-CocktailGlasses'])"><i class="tweicon tweicon--cocktailglasses subnav__col-icon"></i><span class="subnav__col-title">Cocktail Glasses</span></a></div></div></div></div><div class="navbar__container"><a itemprop="url" class="navbar__link js-navbar__link " href="/wine-and-champagne" title="Wine &amp; Champagne">Wine <span class="navbar__line">&amp;&nbsp;Champagne</span></a><div class="subnav js-subnav"><div class="subnav__container subnav--flex-row"><div class="subnav__column subnav__column--w20"><a itemprop="url" href='/wine-and-champagne' class='subnav__link subnav__link--underline subnav__link--grid' title="Wine & Champagne" onclick="_gaq.push(['_trackEvent', 'Navigation', 'click', 'WineChampagne-Leftcolumn-WineChampagne'])"><i class="tweicon tweicon--home subnav__col-icon"></i><span class="subnav__col-title">Wine & Champagne</span></a><a itemprop="url" href='/brands/champagne-and-wine' class='subnav__link subnav__link--underline subnav__link--grid' title="A to Z of Champagne & Wine" onclick="_gaq.push(['_trackEvent', 'Navigation', 'click', 'WineChampagne-Leftcolumn-AZofWineChampagne'])"><i class="tweicon tweicon--az subnav__col-icon"></i><span class="subnav__col-title">A-Z of Wine & Champagne</span></a><a itemprop="url" href='/new-products/champagne-wine-and-beer' class='subnav__link subnav__link--underline subnav__link--grid' title="New Wine & Champagne" onclick="_gaq.push(['_trackEvent', 'Navigation', 'click', 'WineChampagne-Leftcolumn-NewWineChampagne'])"><i class="tweicon tweicon--new subnav__col-icon"></i><span class="subnav__col-title">New Wine & Champagne</span></a><a itemprop="url" href='/specialoffers/champagne' class='subnav__link subnav__link--underline subnav__link--grid' title="Special Offers" onclick="_gaq.push(['_trackEvent', 'Navigation', 'click', 'WineChampagne-Leftcolumn-SpecialOffers'])"><i class="tweicon tweicon--specialoffer subnav__col-icon"></i><span class="subnav__col-title">Special Offers</span></a><a itemprop="url" href='/cocktails' class='subnav__link subnav__link--underline subnav__link--grid' title="Cocktail recipes" onclick="_gaq.push(['_trackEvent', 'Navigation', 'click', 'WineChampagne-Leftcolumn-Cocktailrecipes'])"><i class="tweicon tweicon--cocktailglasses subnav__col-icon"></i><span class="subnav__col-title">Cocktail recipes</span></a></div><div class="subnav__column subnav__column--w60"><h3 class="subnav__title"> Shop by Type </h3><div class="subnav--flex-row"><div class="subnav__column subnav__column--w50"><a itemprop="url" href='/c/330/champagne' class='subnav__link ' title="Champagne" onclick="_gaq.push(['_trackEvent', 'Navigation', 'click', 'WineChampagne-ShopbyType-Champagne'])"> Champagne </a><a itemprop="url" class="subnav__link subnav__link--lowercase" href="/c/331/non-vintage-champagne" title="Non-Vintage Champagne" onclick="_gaq.push(['_trackEvent', 'Navigation', 'click', 'WineChampagne-ShopbyType-Champagne-NonVintage'])">Non-Vintage</a><a itemprop="url" class="subnav__link subnav__link--lowercase" href="/c/332/vintage-champagne" title="Vintage Champagne" onclick="_gaq.push(['_trackEvent', 'Navigation', 'click', 'WineChampagne-ShopbyType-Champagne-Vintage'])">Vintage</a><a itemprop="url" class="subnav__link subnav__link--lowercase" href="/c/333/non-vintage-rose-champagne" title="Non-Vintage Rosé Champagne" onclick="_gaq.push(['_trackEvent', 'Navigation', 'click', 'WineChampagne-ShopbyType-Champagne-NonVintageRos'])">Non-Vintage Rosé</a><a itemprop="url" class="subnav__link subnav__link--lowercase" href="/c/611/vintage-rose-champagne" title="Vintage Rosé Champagne" onclick="_gaq.push(['_trackEvent', 'Navigation', 'click', 'WineChampagne-ShopbyType-Champagne-VintageRos'])">Vintage Rosé</a><a itemprop="url" class="subnav__link subnav__link--lowercase" href="/c/730/growers-champagnes" title="Growers' Champagnes" onclick="_gaq.push(['_trackEvent', 'Navigation', 'click', 'WineChampagne-ShopbyType-Champagne-GrowersChampagnes'])">Growers' Champagnes</a><a itemprop="url" href='/c/581/sparkling-wine' class='subnav__link ' title="Sparkling Wine" onclick="_gaq.push(['_trackEvent', 'Navigation', 'click', 'WineChampagne-ShopbyType-SparklingWine'])"> Sparkling Wine </a><a itemprop="url" href='/c/581/sparkling-wine?filter=true&rfdata=~country.France&country=France' class='subnav__link subnav__link--lowercase ' title="France" onclick="_gaq.push(['_trackEvent', 'Navigation', 'click', 'WineChampagne-ShopbyType-SparklingWine-France'])"> France </a><a itemprop="url" href='/c/581/sparkling-wine?filter=true&rfdata=%7ecountry.Italy&country=Italy' class='subnav__link subnav__link--lowercase ' title="Italy" onclick="_gaq.push(['_trackEvent', 'Navigation', 'click', 'WineChampagne-ShopbyType-SparklingWine-Italy'])"> Italy </a><a itemprop="url" href='/c/581/sparkling-wine?filter=true&rfdata=~country.England&Country=England' class='subnav__link subnav__link--lowercase ' title="England" onclick="_gaq.push(['_trackEvent', 'Navigation', 'click', 'WineChampagne-ShopbyType-SparklingWine-England'])"> England </a><a itemprop="url" href='/c/581/sparkling-wine?filter=true&rfdata=%7ecountry.Spain&country=Spain' class='subnav__link subnav__link--lowercase ' title="Spain" onclick="_gaq.push(['_trackEvent', 'Navigation', 'click', 'WineChampagne-ShopbyType-SparklingWine-Spain'])"> Spain </a><a itemprop="url" href='/c/581/sparkling-wine?filter=true&rfdata=%7etype.Prosecco&type=Prosecco' class='subnav__link ' title="Prosecco" onclick="_gaq.push(['_trackEvent', 'Navigation', 'click', 'WineChampagne-ShopbyType-Prosecco'])"> Prosecco </a><a itemprop="url" href='/d/800/biodynamic-and-organic-champagne' class='subnav__link ' title="Biodynamic / Organic Champagne" onclick="_gaq.push(['_trackEvent', 'Navigation', 'click', 'WineChampagne-ShopbyType-BiodynamicOrganicChampagne'])"> Biodynamic / Organic Champagne </a></div><div class="subnav__column subnav__column--w50"><a itemprop="url" href='/c/644/wine' class='subnav__link ' title="Wine" onclick="_gaq.push(['_trackEvent', 'Navigation', 'click', 'WineChampagne-ShopbyType-Wine'])"> Wine </a><a itemprop="url" href='/c/644/wine?filter=true&rfdata=%7etype.White&type=White' class='subnav__link subnav__link--lowercase ' title="White" onclick="_gaq.push(['_trackEvent', 'Navigation', 'click', 'WineChampagne-ShopbyType-Wine-White'])"> White </a><a itemprop="url" href='/c/644/wine?filter=true&rfdata=~type.Red&type=Red' class='subnav__link subnav__link--lowercase ' title="Red" onclick="_gaq.push(['_trackEvent', 'Navigation', 'click', 'WineChampagne-ShopbyType-Wine-Red'])"> Red </a><a itemprop="url" href='/c/644/wine?filter=true&rfdata=%7etype.Ros%u00e9&type=Ros%25c3%25a9' class='subnav__link subnav__link--lowercase ' title="Rosé" onclick="_gaq.push(['_trackEvent', 'Navigation', 'click', 'WineChampagne-ShopbyType-Wine-Ros'])"> Rosé </a><a itemprop="url" href='/c/710/dessert-wine' class='subnav__link subnav__link--lowercase ' title="Dessert" onclick="_gaq.push(['_trackEvent', 'Navigation', 'click', 'WineChampagne-ShopbyType-Wine-Dessert'])"> Dessert </a><a itemprop="url" href='/c/618/tonic-wine-mead-and-fruit-wine' class='subnav__link ' title="Tonic Wine & Fruit Wine" onclick="_gaq.push(['_trackEvent', 'Navigation', 'click', 'WineChampagne-ShopbyType-TonicWineFruitWine'])"> Tonic Wine & Fruit Wine </a><a itemprop="url" href='/c/378/fortified-wine' class='subnav__link ' title="Fortified Wine" onclick="_gaq.push(['_trackEvent', 'Navigation', 'click', 'WineChampagne-ShopbyType-FortifiedWine'])"> Fortified Wine </a><a itemprop="url" class="subnav__link subnav__link--lowercase" href="/c/380/port" title="Port" onclick="_gaq.push(['_trackEvent', 'Navigation', 'click', 'WineChampagne-ShopbyType-FortifiedWine-Port'])">Port</a><a itemprop="url" class="subnav__link subnav__link--lowercase" href="/c/379/sherry" title="Sherry" onclick="_gaq.push(['_trackEvent', 'Navigation', 'click', 'WineChampagne-ShopbyType-FortifiedWine-Sherry'])">Sherry</a><a itemprop="url" class="subnav__link subnav__link--lowercase" href="/c/381/madeira" title="Madeira" onclick="_gaq.push(['_trackEvent', 'Navigation', 'click', 'WineChampagne-ShopbyType-FortifiedWine-Madeira'])">Madeira</a><a itemprop="url" class="subnav__link subnav__link--lowercase" href="/c/617/marsala" title="Marsala" onclick="_gaq.push(['_trackEvent', 'Navigation', 'click', 'WineChampagne-ShopbyType-FortifiedWine-Marsala'])">Marsala</a><a itemprop="url" class="subnav__link subnav__link--lowercase" href="/c/626/pineau-des-charentes-and-ratafia" title="Pineau des Charentes and Ratafia" onclick="_gaq.push(['_trackEvent', 'Navigation', 'click', 'WineChampagne-ShopbyType-FortifiedWine-PineaudesCharentesandRatafia'])">Pineau des Charentes and Ratafia</a></div></div></div><div class="subnav__column subnav__column--w20"><h3 class="subnav__title"> Inspiration </h3><a itemprop="url" href='/d/793/wine-cases' class='subnav__link subnav__link--grid ' title="Wine Cases" onclick="_gaq.push(['_trackEvent', 'Navigation', 'click', 'WineChampagne-Inspiration-WineCases'])"><i class="tweicon tweicon--winecases subnav__col-icon"></i><span class="subnav__col-title">Wine Cases</span></a><a itemprop="url" href='/d/659/champagne-and-wine-gifts' class='subnav__link subnav__link--grid ' title="Wine and Champagne Gifts" onclick="_gaq.push(['_trackEvent', 'Navigation', 'click', 'WineChampagne-Inspiration-WineandChampagneGifts'])"><i class="tweicon tweicon--whiskygifts subnav__col-icon"></i><span class="subnav__col-title">Wine and Champagne Gifts</span></a><a itemprop="url" href='/feature/sparklingoftheyear' class='subnav__link subnav__link--grid ' title="Champagne of the Year" onclick="_gaq.push(['_trackEvent', 'Navigation', 'click', 'WineChampagne-Inspiration-ChampagneoftheYear'])"><i class="tweicon tweicon--sparklingoftheyear subnav__col-icon"></i><span class="subnav__col-title">Champagne of the Year</span></a><a itemprop="url" href='/c/330/champagne?filter=true&rfdata=%7estyle.Brut_Nature&style=Brut%2bNature' class='subnav__link subnav__link--grid ' title="Non-Dosage Champagne" onclick="_gaq.push(['_trackEvent', 'Navigation', 'click', 'WineChampagne-Inspiration-NonDosageChampagne'])"><i class="tweicon tweicon--nondosagesparklingwine subnav__col-icon"></i><span class="subnav__col-title">Non-Dosage Champagne</span></a></div></div></div></div><div class="navbar__container"><a itemprop="url" class="navbar__link js-navbar__link " href="/beer-and-sake" title="Beer &amp; Sake">Beer <span class="navbar__line">&amp;&nbsp;Sake</span></a><div class="subnav js-subnav"><div class="subnav__container subnav--flex-row"><div class="subnav__column subnav__column--w25"><a itemprop="url" href='/beer-and-sake' class='subnav__link subnav__link--underline subnav__link--grid' title="Beer & Sake" onclick="_gaq.push(['_trackEvent', 'Navigation', 'click', 'BeerSake-Leftcolumn-BeerSake'])"><i class="tweicon tweicon--home subnav__col-icon"></i><span class="subnav__col-title">Beer & Sake</span></a><a itemprop="url" href='/new-products/champagne-wine-and-beer' class='subnav__link subnav__link--underline subnav__link--grid' title="New Beer" onclick="_gaq.push(['_trackEvent', 'Navigation', 'click', 'BeerSake-Leftcolumn-NewBeer'])"><i class="tweicon tweicon--new subnav__col-icon"></i><span class="subnav__col-title">New Beer</span></a><a itemprop="url" href='/d/758/beer-bundles-and-cases' class='subnav__link subnav__link--underline subnav__link--grid' title="Beer Bundles" onclick="_gaq.push(['_trackEvent', 'Navigation', 'click', 'BeerSake-Leftcolumn-BeerBundles'])"><i class="tweicon tweicon--beercollection subnav__col-icon"></i><span class="subnav__col-title">Beer Bundles</span></a></div><div class="subnav__column subnav__column--w25"><h3 class="subnav__title"> Shop by Beer & Cider </h3><a itemprop="url" href='/c/503/beer' class='subnav__link ' title="All Beer" onclick="_gaq.push(['_trackEvent', 'Navigation', 'click', 'BeerSake-ShopbyBeerCider-AllBeer'])"> All Beer </a><a itemprop="url" href='/c/786/ale' class='subnav__link ' title="Ale" onclick="_gaq.push(['_trackEvent', 'Navigation', 'click', 'BeerSake-ShopbyBeerCider-Ale'])"> Ale </a><a itemprop="url" href='/c/503/beer?filter=true&rfdata=%7etype.Pale_Ale&type=Pale%2bAle' class='subnav__link subnav__link--lowercase ' title="Pale Ale" onclick="_gaq.push(['_trackEvent', 'Navigation', 'click', 'BeerSake-ShopbyBeerCider-Ale-PaleAle'])"> Pale Ale </a><a itemprop="url" href='/c/503/beer?filter=true&rfdata=%7etype.IPA&type=IPA' class='subnav__link subnav__link--lowercase ' title="IPA" onclick="_gaq.push(['_trackEvent', 'Navigation', 'click', 'BeerSake-ShopbyBeerCider-Ale-IPA'])"> IPA </a><a itemprop="url" href='/c/503/beer?filter=true&rfdata=%7etype.Golden_Ale&type=Golden%2bAle' class='subnav__link subnav__link--lowercase ' title="Golden Ale" onclick="_gaq.push(['_trackEvent', 'Navigation', 'click', 'BeerSake-ShopbyBeerCider-Ale-GoldenAle'])"> Golden Ale </a><a itemprop="url" href='/c/503/beer?filter=true&rfdata=~type.Amber_Ale&type=Amber%2bAle' class='subnav__link subnav__link--lowercase ' title="Amber Ale" onclick="_gaq.push(['_trackEvent', 'Navigation', 'click', 'BeerSake-ShopbyBeerCider-Ale-AmberAle'])"> Amber Ale </a><a itemprop="url" href='/c/503/beer?filter=true&rfdata=~type.Brown_Ale&type=Brown%2bAle' class='subnav__link subnav__link--lowercase ' title="Brown Ale" onclick="_gaq.push(['_trackEvent', 'Navigation', 'click', 'BeerSake-ShopbyBeerCider-Ale-BrownAle'])"> Brown Ale </a><a itemprop="url" href='/c/787/mild-beer' class='subnav__link ' title="Mild" onclick="_gaq.push(['_trackEvent', 'Navigation', 'click', 'BeerSake-ShopbyBeerCider-Mild'])"> Mild </a><a itemprop="url" href='/c/788/stout-and-porter' class='subnav__link ' title="Stout/Porter" onclick="_gaq.push(['_trackEvent', 'Navigation', 'click', 'BeerSake-ShopbyBeerCider-StoutPorter'])"> Stout/Porter </a><a itemprop="url" href='/c/789/lager' class='subnav__link ' title="Lager" onclick="_gaq.push(['_trackEvent', 'Navigation', 'click', 'BeerSake-ShopbyBeerCider-Lager'])"> Lager </a><a itemprop="url" href='/c/790/speciality-beer' class='subnav__link ' title="Speciality" onclick="_gaq.push(['_trackEvent', 'Navigation', 'click', 'BeerSake-ShopbyBeerCider-Speciality'])"> Speciality </a><a itemprop="url" href='/c/791/cask-aged-beer' class='subnav__link ' title="Cask Aged" onclick="_gaq.push(['_trackEvent', 'Navigation', 'click', 'BeerSake-ShopbyBeerCider-CaskAged'])"> Cask Aged </a><a itemprop="url" href='/c/625/cider' class='subnav__link ' title="Cider" onclick="_gaq.push(['_trackEvent', 'Navigation', 'click', 'BeerSake-ShopbyBeerCider-Cider'])"> Cider </a></div><div class="subnav__column subnav__column--w25"><h3 class="subnav__title"> Shop by Sake </h3><a itemprop="url" href='/c/384/sake' class='subnav__link ' title="All Sake" onclick="_gaq.push(['_trackEvent', 'Navigation', 'click', 'BeerSake-ShopbySake-AllSake'])"> All Sake </a><a itemprop="url" href='/c/384/sake?filter=true&rfdata=%7etype.Honjozo&type=Honjozo' class='subnav__link ' title="Honjozo" onclick="_gaq.push(['_trackEvent', 'Navigation', 'click', 'BeerSake-ShopbySake-Honjozo'])"> Honjozo </a><a itemprop="url" href='/c/384/sake?filter=true&rfdata=~type.Ginjo&type=Ginjo' class='subnav__link ' title="Ginjo" onclick="_gaq.push(['_trackEvent', 'Navigation', 'click', 'BeerSake-ShopbySake-Ginjo'])"> Ginjo </a><a itemprop="url" href='/c/384/sake?filter=true&rfdata=~type.Daiginjo&type=Daiginjo' class='subnav__link ' title="Daiginjo" onclick="_gaq.push(['_trackEvent', 'Navigation', 'click', 'BeerSake-ShopbySake-Daiginjo'])"> Daiginjo </a><a itemprop="url" href='/c/384/sake?filter=true&rfdata=~type.Nigori&type=Nigori' class='subnav__link ' title="Nigori" onclick="_gaq.push(['_trackEvent', 'Navigation', 'click', 'BeerSake-ShopbySake-Nigori'])"> Nigori </a><a itemprop="url" href='/c/384/sake?filter=true&rfdata=~type.Kijoshu&type=Kijoshu' class='subnav__link ' title="Kijoshu" onclick="_gaq.push(['_trackEvent', 'Navigation', 'click', 'BeerSake-ShopbySake-Kijoshu'])"> Kijoshu </a><a itemprop="url" href='/c/384/sake?filter=true&rfdata=~type.Aged&type=Aged' class='subnav__link ' title="Aged" onclick="_gaq.push(['_trackEvent', 'Navigation', 'click', 'BeerSake-ShopbySake-Aged'])"> Aged </a><a itemprop="url" href='/c/384/sake?filter=true&rfdata=~type.Flavoured&type=Flavoured' class='subnav__link ' title="Flavoured" onclick="_gaq.push(['_trackEvent', 'Navigation', 'click', 'BeerSake-ShopbySake-Flavoured'])"> Flavoured </a></div><div class="subnav__column subnav__column--w25"><h3 class="subnav__title"> Inspiration </h3><a itemprop="url" href='/c/707/beer-glasses' class='subnav__link subnav__link--grid ' title="Beer Glasses" onclick="_gaq.push(['_trackEvent', 'Navigation', 'click', 'BeerSake-Inspiration-BeerGlasses'])"><i class="tweicon tweicon--beerglasses subnav__col-icon"></i><span class="subnav__col-title">Beer Glasses</span></a></div></div></div></div><div class="navbar__container"><a itemprop="url" class="navbar__link js-navbar__link " href="/miniatures-and-samples" title="Miniatures &amp; Samples">Miniatures <span class="navbar__line">&amp;&nbsp;Samples</span></a><div class="subnav js-subnav"><div class="subnav__container subnav--flex-row"><div class="subnav__column subnav__column--w20"><a itemprop="url" href='/miniatures-and-samples' class='subnav__link subnav__link--underline subnav__link--grid' title="Miniatures & Samples" onclick="_gaq.push(['_trackEvent', 'Navigation', 'click', 'MiniaturesSamples-Leftcolumn-MiniaturesSamples'])"><i class="tweicon tweicon--home subnav__col-icon"></i><span class="subnav__col-title">Miniatures & Samples</span></a><a itemprop="url" href='/c/385/miniatures' class='subnav__link subnav__link--underline subnav__link--grid' title="All Miniatures" onclick="_gaq.push(['_trackEvent', 'Navigation', 'click', 'MiniaturesSamples-Leftcolumn-AllMiniatures'])"><i class="tweicon tweicon--az subnav__col-icon"></i><span class="subnav__col-title">All Miniatures</span></a><a itemprop="url" href='/c/803/samples' class='subnav__link subnav__link--underline subnav__link--grid' title="All Perfect Measures" onclick="_gaq.push(['_trackEvent', 'Navigation', 'click', 'MiniaturesSamples-Leftcolumn-AllPerfectMeasures'])"><i class="tweicon tweicon--az subnav__col-icon"></i><span class="subnav__col-title">All Perfect Measures</span></a><a itemprop="url" href='/c/828/sample-gift-sets' class='subnav__link subnav__link--underline subnav__link--grid' title="Perfect Measure Sets" onclick="_gaq.push(['_trackEvent', 'Navigation', 'click', 'MiniaturesSamples-Leftcolumn-PerfectMeasureSets'])"><i class="tweicon tweicon--tasting subnav__col-icon"></i><span class="subnav__col-title">Perfect Measure Sets</span></a><a itemprop="url" href='/c/422/miniature-sets-and-gift-packs' class='subnav__link subnav__link--underline subnav__link--grid' title="Miniature Gift Sets" onclick="_gaq.push(['_trackEvent', 'Navigation', 'click', 'MiniaturesSamples-Leftcolumn-MiniatureGiftSets'])"><i class="tweicon tweicon--whiskygifts subnav__col-icon"></i><span class="subnav__col-title">Miniature Gift Sets</span></a><a itemprop="url" href='/new-products/miniatures-and-samples' class='subnav__link subnav__link--underline subnav__link--grid' title="New Miniatures & Samples" onclick="_gaq.push(['_trackEvent', 'Navigation', 'click', 'MiniaturesSamples-Leftcolumn-NewMiniaturesSamples'])"><i class="tweicon tweicon--new subnav__col-icon"></i><span class="subnav__col-title">New Miniatures & Samples</span></a></div><div class="subnav__column subnav__column--w20"><h3 class="subnav__title"> Whisky Miniatures </h3><a itemprop="url" href='/c/395/single-malt-scotch-whisky-miniatures' class='subnav__link ' title="Single Malt Scotch Whisky" onclick="_gaq.push(['_trackEvent', 'Navigation', 'click', 'MiniaturesSamples-WhiskyMiniatures-SingleMaltScotchWhisky'])"> Single Malt Scotch Whisky </a><a itemprop="url" href='/c/436/blended-scotch-whisky-miniatures' class='subnav__link ' title="Blended Scotch Whisky" onclick="_gaq.push(['_trackEvent', 'Navigation', 'click', 'MiniaturesSamples-WhiskyMiniatures-BlendedScotchWhisky'])"> Blended Scotch Whisky </a><a itemprop="url" href='/c/469/blended-malt-scotch-whisky-miniatures' class='subnav__link ' title="Blended Malt Scotch Whisky" onclick="_gaq.push(['_trackEvent', 'Navigation', 'click', 'MiniaturesSamples-WhiskyMiniatures-BlendedMaltScotchWhisky'])"> Blended Malt Scotch Whisky </a><a itemprop="url" href='/c/585/grain-scotch-whisky-miniatures' class='subnav__link ' title="Grain Scotch Whisky" onclick="_gaq.push(['_trackEvent', 'Navigation', 'click', 'MiniaturesSamples-WhiskyMiniatures-GrainScotchWhisky'])"> Grain Scotch Whisky </a><a itemprop="url" href='/c/393/american-whiskey-miniatures' class='subnav__link ' title="American Whiskey" onclick="_gaq.push(['_trackEvent', 'Navigation', 'click', 'MiniaturesSamples-WhiskyMiniatures-AmericanWhiskey'])"> American Whiskey </a><a itemprop="url" href='/c/425/canadian-whisky-miniatures' class='subnav__link ' title="Canadian Whisky" onclick="_gaq.push(['_trackEvent', 'Navigation', 'click', 'MiniaturesSamples-WhiskyMiniatures-CanadianWhisky'])"> Canadian Whisky </a><a itemprop="url" href='/c/394/irish-whiskey-miniatures' class='subnav__link ' title="Irish Whiskey" onclick="_gaq.push(['_trackEvent', 'Navigation', 'click', 'MiniaturesSamples-WhiskyMiniatures-IrishWhiskey'])"> Irish Whiskey </a><a itemprop="url" href='/c/419/japanese-whisky-miniatures' class='subnav__link ' title="Japanese Whisky" onclick="_gaq.push(['_trackEvent', 'Navigation', 'click', 'MiniaturesSamples-WhiskyMiniatures-JapaneseWhisky'])"> Japanese Whisky </a><a itemprop="url" href='/c/417/world-whisky-miniatures' class='subnav__link ' title="World Whisky" onclick="_gaq.push(['_trackEvent', 'Navigation', 'click', 'MiniaturesSamples-WhiskyMiniatures-WorldWhisky'])"> World Whisky </a></div><div class="subnav__column subnav__column--w20"><h3 class="subnav__title"> Spirits Miniatures </h3><a itemprop="url" href='/c/386/absinthe-miniatures' class='subnav__link ' title="Absinthe" onclick="_gaq.push(['_trackEvent', 'Navigation', 'click', 'MiniaturesSamples-SpiritsMiniatures-Absinthe'])"> Absinthe </a><a itemprop="url" href='/c/387/cognac-miniatures' class='subnav__link ' title="Cognac" onclick="_gaq.push(['_trackEvent', 'Navigation', 'click', 'MiniaturesSamples-SpiritsMiniatures-Cognac'])"> Cognac </a><a itemprop="url" href='/c/388/jenever-and-gin-miniatures' class='subnav__link ' title="Jenever and Gin" onclick="_gaq.push(['_trackEvent', 'Navigation', 'click', 'MiniaturesSamples-SpiritsMiniatures-JeneverandGin'])"> Jenever and Gin </a><a itemprop="url" href='/c/630/grape-brandy-miniatures' class='subnav__link ' title="Grape Brandy" onclick="_gaq.push(['_trackEvent', 'Navigation', 'click', 'MiniaturesSamples-SpiritsMiniatures-GrapeBrandy'])"> Grape Brandy </a><a itemprop="url" href='/c/680/mezcal-miniatures' class='subnav__link ' title="Mezcal" onclick="_gaq.push(['_trackEvent', 'Navigation', 'click', 'MiniaturesSamples-SpiritsMiniatures-Mezcal'])"> Mezcal </a><a itemprop="url" href='/c/390/rum-miniatures' class='subnav__link ' title="Rum" onclick="_gaq.push(['_trackEvent', 'Navigation', 'click', 'MiniaturesSamples-SpiritsMiniatures-Rum'])"> Rum </a><a itemprop="url" href='/c/391/tequila-miniatures' class='subnav__link ' title="Tequila" onclick="_gaq.push(['_trackEvent', 'Navigation', 'click', 'MiniaturesSamples-SpiritsMiniatures-Tequila'])"> Tequila </a><a itemprop="url" href='/c/392/vodka-miniatures' class='subnav__link ' title="Vodka" onclick="_gaq.push(['_trackEvent', 'Navigation', 'click', 'MiniaturesSamples-SpiritsMiniatures-Vodka'])"> Vodka </a><a itemprop="url" href='/c/431/other-spirits-and-syrup-miniatures' class='subnav__link ' title="Other Spirits and Syrups" onclick="_gaq.push(['_trackEvent', 'Navigation', 'click', 'MiniaturesSamples-SpiritsMiniatures-OtherSpiritsandSyrups'])"> Other Spirits and Syrups </a><a itemprop="url" href='/c/421/aperitif-and-vermouth-miniatures' class='subnav__link ' title="Aperitif and Vermouth" onclick="_gaq.push(['_trackEvent', 'Navigation', 'click', 'MiniaturesSamples-SpiritsMiniatures-AperitifandVermouth'])"> Aperitif and Vermouth </a><a itemprop="url" href='/c/389/liqueur-miniatures' class='subnav__link ' title="Liqueurs" onclick="_gaq.push(['_trackEvent', 'Navigation', 'click', 'MiniaturesSamples-SpiritsMiniatures-Liqueurs'])"> Liqueurs </a><a itemprop="url" href='/c/420/whisky-liqueur-miniatures' class='subnav__link ' title="Whisky Liqueurs" onclick="_gaq.push(['_trackEvent', 'Navigation', 'click', 'MiniaturesSamples-SpiritsMiniatures-WhiskyLiqueurs'])"> Whisky Liqueurs </a></div><div class="subnav__column subnav__column--w20"><h3 class="subnav__title"> Whisky Samples </h3><a itemprop="url" href='/c/813/single-malt-scotch-whisky-samples' class='subnav__link ' title="Single Malt Scotch Whisky" onclick="_gaq.push(['_trackEvent', 'Navigation', 'click', 'MiniaturesSamples-WhiskySamples-SingleMaltScotchWhisky'])"> Single Malt Scotch Whisky </a><a itemprop="url" href='/c/813/single-malt-scotch-whisky-samples?filter=true&rfdata=~region.Campbeltown&region=Campbeltown' class='subnav__link subnav__link--lowercase ' title="Campbeltown" onclick="_gaq.push(['_trackEvent', 'Navigation', 'click', 'MiniaturesSamples-WhiskySamples-SingleMaltScotchWhisky-Campbeltown'])"> Campbeltown </a><a itemprop="url" href='/c/813/single-malt-scotch-whisky-samples?filter=true&rfdata=~region.Highland&region=Highland' class='subnav__link subnav__link--lowercase ' title="Highland" onclick="_gaq.push(['_trackEvent', 'Navigation', 'click', 'MiniaturesSamples-WhiskySamples-SingleMaltScotchWhisky-Highland'])"> Highland </a><a itemprop="url" href='/c/813/single-malt-scotch-whisky-samples?filter=true&rfdata=~region.Island&region=Island' class='subnav__link subnav__link--lowercase ' title="Island" onclick="_gaq.push(['_trackEvent', 'Navigation', 'click', 'MiniaturesSamples-WhiskySamples-SingleMaltScotchWhisky-Island'])"> Island </a><a itemprop="url" href='/c/813/single-malt-scotch-whisky-samples?filter=true&rfdata=~region.Islay&region=Islay' class='subnav__link subnav__link--lowercase ' title="Islay" onclick="_gaq.push(['_trackEvent', 'Navigation', 'click', 'MiniaturesSamples-WhiskySamples-SingleMaltScotchWhisky-Islay'])"> Islay </a><a itemprop="url" href='/c/813/single-malt-scotch-whisky-samples?filter=true&rfdata=~region.Lowland&region=Lowland' class='subnav__link subnav__link--lowercase ' title="Lowland" onclick="_gaq.push(['_trackEvent', 'Navigation', 'click', 'MiniaturesSamples-WhiskySamples-SingleMaltScotchWhisky-Lowland'])"> Lowland </a><a itemprop="url" href='/c/813/single-malt-scotch-whisky-samples?filter=true&rfdata=~region.Speyside&region=Speyside' class='subnav__link subnav__link--lowercase ' title="Speyside" onclick="_gaq.push(['_trackEvent', 'Navigation', 'click', 'MiniaturesSamples-WhiskySamples-SingleMaltScotchWhisky-Speyside'])"> Speyside </a><a itemprop="url" href='/c/814/blended-malt-scotch-whisky-samples' class='subnav__link ' title="Blended Malt Scotch Whisky" onclick="_gaq.push(['_trackEvent', 'Navigation', 'click', 'MiniaturesSamples-WhiskySamples-BlendedMaltScotchWhisky'])"> Blended Malt Scotch Whisky </a><a itemprop="url" href='/c/815/blended-scotch-whisky-samples' class='subnav__link ' title="Blended Scotch Whisky" onclick="_gaq.push(['_trackEvent', 'Navigation', 'click', 'MiniaturesSamples-WhiskySamples-BlendedScotchWhisky'])"> Blended Scotch Whisky </a><a itemprop="url" href='/c/816/grain-scotch-whisky-samples' class='subnav__link ' title="Grain Scotch Whisky" onclick="_gaq.push(['_trackEvent', 'Navigation', 'click', 'MiniaturesSamples-WhiskySamples-GrainScotchWhisky'])"> Grain Scotch Whisky </a><a itemprop="url" href='/c/817/american-whiskey-samples' class='subnav__link ' title="American Whiskey" onclick="_gaq.push(['_trackEvent', 'Navigation', 'click', 'MiniaturesSamples-WhiskySamples-AmericanWhiskey'])"> American Whiskey </a><a itemprop="url" href='/c/818/japanese-whisky-samples' class='subnav__link ' title="Japanese Whisky" onclick="_gaq.push(['_trackEvent', 'Navigation', 'click', 'MiniaturesSamples-WhiskySamples-JapaneseWhisky'])"> Japanese Whisky </a><a itemprop="url" href='/c/819/irish-whiskey-samples' class='subnav__link ' title="Irish Whiskey" onclick="_gaq.push(['_trackEvent', 'Navigation', 'click', 'MiniaturesSamples-WhiskySamples-IrishWhiskey'])"> Irish Whiskey </a><a itemprop="url" href='/c/820/world-whisky-samples' class='subnav__link ' title="World Whisky" onclick="_gaq.push(['_trackEvent', 'Navigation', 'click', 'MiniaturesSamples-WhiskySamples-WorldWhisky'])"> World Whisky </a></div><div class="subnav__column subnav__column--w20"><h3 class="subnav__title"> Spirits Samples </h3><a itemprop="url" href='/c/821/cognac-samples' class='subnav__link ' title="Cognac" onclick="_gaq.push(['_trackEvent', 'Navigation', 'click', 'MiniaturesSamples-SpiritsSamples-Cognac'])"> Cognac </a><a itemprop="url" href='/c/822/armagnac-samples' class='subnav__link ' title="Armagnac" onclick="_gaq.push(['_trackEvent', 'Navigation', 'click', 'MiniaturesSamples-SpiritsSamples-Armagnac'])"> Armagnac </a><a itemprop="url" href='/c/823/jenever-and-gin-samples' class='subnav__link ' title="Gin" onclick="_gaq.push(['_trackEvent', 'Navigation', 'click', 'MiniaturesSamples-SpiritsSamples-Gin'])"> Gin </a><a itemprop="url" href='/c/824/rum-samples' class='subnav__link ' title="Rum" onclick="_gaq.push(['_trackEvent', 'Navigation', 'click', 'MiniaturesSamples-SpiritsSamples-Rum'])"> Rum </a><a itemprop="url" href='/c/825/vodka-samples' class='subnav__link ' title="Vodka" onclick="_gaq.push(['_trackEvent', 'Navigation', 'click', 'MiniaturesSamples-SpiritsSamples-Vodka'])"> Vodka </a><a itemprop="url" href='/c/826/tequila-and-mezcal-samples' class='subnav__link ' title="Tequila and Mezcal" onclick="_gaq.push(['_trackEvent', 'Navigation', 'click', 'MiniaturesSamples-SpiritsSamples-TequilaandMezcal'])"> Tequila and Mezcal </a><a itemprop="url" href='/c/827/liqueurs-samples' class='subnav__link ' title="Liqueurs" onclick="_gaq.push(['_trackEvent', 'Navigation', 'click', 'MiniaturesSamples-SpiritsSamples-Liqueurs'])"> Liqueurs </a><a itemprop="url" href='/c/891/other-spirits-samples' class='subnav__link ' title="Other Spirits" onclick="_gaq.push(['_trackEvent', 'Navigation', 'click', 'MiniaturesSamples-SpiritsSamples-OtherSpirits'])"> Other Spirits </a></div></div></div></div><div class="navbar__container"><a itemprop="url" class="navbar__link js-navbar__link " href="/books-and-accessories" title="Books &amp; Accessories">Books <span class="navbar__line">&amp;&nbsp;Accessories</span></a><div class="subnav js-subnav"><div class="subnav__container subnav--flex-row"><div class="subnav__column subnav__column--w20"><a itemprop="url" href='/books-and-accessories' class='subnav__link subnav__link--underline subnav__link--grid' title="Books & Accessories" onclick="_gaq.push(['_trackEvent', 'Navigation', 'click', 'BooksAccessories-Leftcolumn-BooksAccessories'])"><i class="tweicon tweicon--home subnav__col-icon"></i><span class="subnav__col-title">Books & Accessories</span></a><a itemprop="url" href='/d/735/drinks-gift-collections' class='subnav__link subnav__link--underline subnav__link--grid' title="Gift Collections" onclick="_gaq.push(['_trackEvent', 'Navigation', 'click', 'BooksAccessories-Leftcolumn-GiftCollections'])"><i class="tweicon tweicon--gift subnav__col-icon"></i><span class="subnav__col-title">Gift Collections</span></a></div><div class="subnav__column subnav__column--w60"><h3 class="subnav__title"> Shop by Type </h3><div class="subnav--flex-row"><div class="subnav__column subnav__column--w50"><a itemprop="url" href='/c/396/glassware' class='subnav__link ' title="Glassware" onclick="_gaq.push(['_trackEvent', 'Navigation', 'click', 'BooksAccessories-ShopbyType-Glassware'])"> Glassware </a><a itemprop="url" class="subnav__link subnav__link--lowercase" href="/c/707/beer-glasses" title="Beer Glasses" onclick="_gaq.push(['_trackEvent', 'Navigation', 'click', 'BooksAccessories-ShopbyType-Glassware-BeerGlasses'])">Beer Glasses</a><a itemprop="url" class="subnav__link subnav__link--lowercase" href="/c/401/champagne-and-wine-glasses" title="Champagne and Wine Glasses" onclick="_gaq.push(['_trackEvent', 'Navigation', 'click', 'BooksAccessories-ShopbyType-Glassware-ChampagneandWineGlasses'])">Champagne and Wine Glasses</a><a itemprop="url" class="subnav__link subnav__link--lowercase" href="/c/400/cocktail-glasses" title="Cocktail Glasses" onclick="_gaq.push(['_trackEvent', 'Navigation', 'click', 'BooksAccessories-ShopbyType-Glassware-CocktailGlasses'])">Cocktail Glasses</a><a itemprop="url" class="subnav__link subnav__link--lowercase" href="/c/728/decanters" title="Decanters" onclick="_gaq.push(['_trackEvent', 'Navigation', 'click', 'BooksAccessories-ShopbyType-Glassware-Decanters'])">Decanters</a><a itemprop="url" class="subnav__link subnav__link--lowercase" href="/c/397/highball-and-tumbler-glasses" title="Highball and Tumbler Glasses" onclick="_gaq.push(['_trackEvent', 'Navigation', 'click', 'BooksAccessories-ShopbyType-Glassware-HighballandTumblerGlasses'])">Highball and Tumbler Glasses</a><a itemprop="url" class="subnav__link subnav__link--lowercase" href="/c/483/mixing-glasses" title="Mixing Glasses" onclick="_gaq.push(['_trackEvent', 'Navigation', 'click', 'BooksAccessories-ShopbyType-Glassware-MixingGlasses'])">Mixing Glasses</a><a itemprop="url" class="subnav__link subnav__link--lowercase" href="/c/399/shot-glasses" title="Shot Glasses" onclick="_gaq.push(['_trackEvent', 'Navigation', 'click', 'BooksAccessories-ShopbyType-Glassware-ShotGlasses'])">Shot Glasses</a><a itemprop="url" class="subnav__link subnav__link--lowercase" href="/c/398/tasting-glasses" title="Tasting Glasses" onclick="_gaq.push(['_trackEvent', 'Navigation', 'click', 'BooksAccessories-ShopbyType-Glassware-TastingGlasses'])">Tasting Glasses</a></div><div class="subnav__column subnav__column--w50"><a itemprop="url" href='/c/466/bar-accessories' class='subnav__link ' title="Bar Accessories" onclick="_gaq.push(['_trackEvent', 'Navigation', 'click', 'BooksAccessories-ShopbyType-BarAccessories'])"> Bar Accessories </a><a itemprop="url" class="subnav__link subnav__link--lowercase" href="/c/716/bar-equipment" title="Bar Equipment" onclick="_gaq.push(['_trackEvent', 'Navigation', 'click', 'BooksAccessories-ShopbyType-BarAccessories-BarEquipment'])">Bar Equipment</a><a itemprop="url" class="subnav__link subnav__link--lowercase" href="/c/715/party-accessories" title="Party Accessories" onclick="_gaq.push(['_trackEvent', 'Navigation', 'click', 'BooksAccessories-ShopbyType-BarAccessories-PartyAccessories'])">Party Accessories</a><a itemprop="url" href='/c/717/hip-flasks' class='subnav__link ' title="Hip Flasks" onclick="_gaq.push(['_trackEvent', 'Navigation', 'click', 'BooksAccessories-ShopbyType-HipFlasks'])"> Hip Flasks </a><a itemprop="url" href='/c/402/books' class='subnav__link ' title="Books" onclick="_gaq.push(['_trackEvent', 'Navigation', 'click', 'BooksAccessories-ShopbyType-Books'])"> Books </a><a itemprop="url" class="subnav__link subnav__link--lowercase" href="/c/423/whisky-books" title="Whisky Books" onclick="_gaq.push(['_trackEvent', 'Navigation', 'click', 'BooksAccessories-ShopbyType-Books-WhiskyBooks'])">Whisky Books</a><a itemprop="url" class="subnav__link subnav__link--lowercase" href="/c/655/drinks-books" title="Drinks Books" onclick="_gaq.push(['_trackEvent', 'Navigation', 'click', 'BooksAccessories-ShopbyType-Books-DrinksBooks'])">Drinks Books</a><a itemprop="url" href='/c/588/gift-boxes' class='subnav__link ' title="Gift Boxes" onclick="_gaq.push(['_trackEvent', 'Navigation', 'click', 'BooksAccessories-ShopbyType-GiftBoxes'])"> Gift Boxes </a></div></div></div><div class="subnav__column subnav__column--w20"><h3 class="subnav__title"> Inspiration </h3><a itemprop="url" href='/c/525/clothing' class='subnav__link subnav__link--grid ' title="T-Shirts" onclick="_gaq.push(['_trackEvent', 'Navigation', 'click', 'BooksAccessories-Inspiration-TShirts'])"><i class="tweicon tweicon--tshirt subnav__col-icon"></i><span class="subnav__col-title">T-Shirts</span></a><a itemprop="url" href='/c/729/memorabilia' class='subnav__link subnav__link--grid ' title="Memorabilia" onclick="_gaq.push(['_trackEvent', 'Navigation', 'click', 'BooksAccessories-Inspiration-Memorabilia'])"><i class="tweicon tweicon--memorbilia subnav__col-icon"></i><span class="subnav__col-title">Memorabilia</span></a><a itemprop="url" href='/c/457/distillery-memorabilia' class='subnav__link subnav__link--lowercase ' title="Distillery Memorabilia" onclick="_gaq.push(['_trackEvent', 'Navigation', 'click', 'BooksAccessories-Inspiration-Memorabilia-DistilleryMemorabilia'])"> Distillery Memorabilia </a><a itemprop="url" href='/c/590/empty-collectible-decanters' class='subnav__link subnav__link--lowercase ' title="Empty Collectible Decanters" onclick="_gaq.push(['_trackEvent', 'Navigation', 'click', 'BooksAccessories-Inspiration-Memorabilia-EmptyCollectibleDecanters'])"> Empty Collectible Decanters </a></div></div></div></div></div></nav>


<p class="trust-bar__special">
<i class="far fa-info-circle"></i> We are still open. Learn more about <a href="/about/covid19" title="Our COVID-19 precautions">our COVID&#8209;19 precautions</a>
</p>
<section class="trust-bar">
<div class="trust-bar__container js-trust-bar--slider" data-firstslide="1">
<a href="/about/awards" class="trust-bar__item " title="Award-winning retailer" onclick="_gaq.push(['_trackEvent', 'Trust-Bar', 'click', 'Awards'])">
<img src="/media/rtwe/assets/application/images/trustbar/trustbar--awards.png" class="trust-bar__icon">
 <div class="trust-bar__content">
<p class="trust-bar__primary-copy">
Multiple Award Winner
</p>
<p class="trust-bar__secondary-copy">
Spirits Retailer of the Year
</p>
</div>
</a>
<a href="/about/reviews" class="trust-bar__item " title="Read our customer reviews" onclick="_gaq.push(['_trackEvent', 'Trust-Bar', 'click', 'TrustPilot'])">
<img src="/media/rtwe/assets/application/images/trustbar/trustbar--trust-pilot.png" class="trust-bar__icon">
<div class="trust-bar__content">
<p class="trust-bar__primary-copy">
41567 Reviews
</p>
<p class="trust-bar__secondary-copy">
Rated excellent by our customers
</p>
</div>
</a>
<a href="/customerservice/delivery-charges" class="trust-bar__item " title="Worldwide delivery to more than 55 countries" onclick="_gaq.push(['_trackEvent', 'Trust-Bar', 'click', 'WorldwideDelivery'])">
<img src="/media/rtwe/assets/application/images/trustbar/trustbar--world.png" class="trust-bar__icon">
<div class="trust-bar__content">
<p class="trust-bar__primary-copy">
Worldwide delivery
</p>
<p class="trust-bar__secondary-copy">
We deliver to more than 55 countries
</p>
</div>
</a>
<a href="/customerservice/delivery-charges" class="trust-bar__item " title="Free UK Mainland standard delivery on orders over £100" onclick="_gaq.push(['_trackEvent', 'Trust-Bar', 'click', 'FreeUKDelivery'])">
<img src="/media/rtwe/assets/application/images/trustbar/trustbar--delivery.png" class="trust-bar__icon">
<div class="trust-bar__content">
<p class="trust-bar__primary-copy">
Free UK Mainland standard delivery
</p>
<p class="trust-bar__secondary-copy">
on orders over £100
</p>
</div>
</a>
</div>
</section>


<div class="breadcrumb">
<ul class="breadcrumb__list" itemscope itemtype="https://schema.org/BreadcrumbList">
<li class="breadcrumb__item" itemscope itemtype="https://schema.org/ListItem" itemprop="itemListElement"><a class="breadcrumb__link" href="/" title="The Whisky Exchange" itemprop="item"><meta itemprop="name" content="Home" /><i class="tweicon tweicon--home"></i> Home</a><meta itemprop="position" content="1" /></li> <li class="breadcrumb__item" itemscope itemtype="https://schema.org/ListItem" itemprop="itemListElement"><a class="breadcrumb__link" href="/scotch-whisky" title="Scotch Whisky" itemprop="item"><span itemprop="name">Scotch Whisky</span></a><meta itemprop="position" content="2" /></li> <li class="breadcrumb__item" itemscope itemtype="https://schema.org/ListItem" itemprop="itemListElement"><span class="breadcrumb__link" itemprop="name">Single Malt Whisky</span><meta itemprop="position" content="3" /></li>
</ul>
</div>


<div class="site-notify js-site-notify__placeholder"></div>

<div id="siteHeaderMessage">


</div>

<div role="main" itemprop="mainContentOfPage" itemscope itemtype="http://schema.org/WebPageElement" id="content" class="wrapper">


<div class="banner">
<div class="container">
<img src="/media/rtwe/uploads/category/bg/small/40.jpg?v=636069711340000000" class="image" alt="Single Malt">
<div class="content">
<h1 class="banner-title">
Single Malt
<span class="banner-title-subtext">Scotch Whisky</span>
</h1>
<p class="banner-text">
Malt whisky is the ‘original’ whisky of Scotland. Malt whisky is made only from malted barley, in two (occasionally three) copper pot stills, by a batch process. ‘Single’ malt whisky is the product of an individual distillery.
<a href="#" class="read-toggle">Discover more &raquo;</a>
</p>
</div>
</div>
</div>


<div class="wrapper readmore">
<div class="container">
<div id="products_controls_header_data">
<div class="column">
<img src="/media/rtwe/uploads/category/maps/40_1.jpg" alt="Single Malt" class="map">
<h2>Single Malt<span>Scotch Whisky</span></h2>
<p class="intro">Malt whisky is the ‘original’ whisky of Scotland. Although other grains were used, barley was grown specifically for making beer and whisky. However, with the success of blended whisky in the late 19th century, little was drunk as single malt outside the Highlands until the 1980s, when ‘the vintages of the North’ were rediscovered by an enthusiastic public and began to be made available by distillery owners.</p>
<p><img alt="Single malt whisky must be made with 100% barley" class="photo" src="/media/rtwe/uploads/gallery/category/single-malt_img1.jpg" /><span class="photo-caption">Single malt whisky must be made with 100% barley</span></p>
<p>Currently there are around 90 operating malt whisky distilleries in Scotland &ndash; it is difficult to be precise, since sometimes distilleries go out of production for periods, in order to balance stock levels. Single malts from a further 30-odd now closed distilleries may still be found.&nbsp;</p>
<p>Although made from very simple materials &ndash; malted barley, water and yeast &ndash; the make of each distillery has an individual character, owing to a variety of factors, such as the length of fermentation time, the style and size of the stills, and how they are operated, the type of condensers used and amount of spirit saved (called &lsquo;the cut&rsquo;).&nbsp;</p>
<p>By law, Scotch (both malt and grain whiskies) must be matured in oak casks in Scotland, and the casks themselves can make a huge contribution to the flavour of the finished product, according to a) how long the whisky has been left to mature, b) how often the individual cask has been used to mature Scotch and c) whether the cask is made from European oak or American oak. This makes it difficult to identify the mature products of individual distilleries.&nbsp;</p>
<p>Since at least the 1880s, blenders have identified different styles of whisky coming from different parts of Scotland. The original division, dating from the 1780s, was between &lsquo;Lowland&rsquo; whisky and &lsquo;Highland&rsquo; whisky. Then the whiskies made in Campbeltown and Islay were discerned to be different, and the whiskies of Speyside were added to the list.&nbsp;</p>
<p>With the dramatic growth of interest in single malt whiskies since the 1980s, the &lsquo;Highland&rsquo; region has been sub-divided into Northern, Western, Eastern, Southern and Islands.&nbsp;</p>
<p>In truth, regional differences in the style and flavour of malt whiskies has more to do with tradition (how a malt is made in one place or another) than terroir, and although it is not possible to make a malt with identical character to another in a different distillery, it is possible to imitate a regional style out-with the region in question.</p>
</div>
<div class="column">
<h3>Did you know?</h3>
<ul class="facts">
<li>more than <span>one billion</span> bottles of Scotch are exported every year, with France the biggest market</li>
<li>the first reference to Scotch whisky was in <span>1495</span></li>
<li>the first single malt to be marketed outside Scotland was by <span>Glenfiddich</span> in 1963</li>
</ul>
<div class="profile">
<h3>Typical Character and Style of Single Malt</h3>
<ul>
<li>
<img src="/media/rtwe/uploads/flavour/malt.png" alt="Malt">
<span class="name">Malt</span>
<span></span>
</li>
<li>
<img src="/media/rtwe/uploads/flavour/vanilla.png" alt="Vanilla ">
<span class="name">Vanilla </span>
<span></span>
</li>
<li>
<img src="/media/rtwe/uploads/flavour/oak.png" alt="Oak">
<span class="name">Oak</span>
<span></span>
</li>
<li>
<img src="/media/rtwe/uploads/flavour/nutmeg.png" alt="Nutmeg">
<span class="name">Nutmeg</span>
<span></span>
</li>
<li>
<img src="/media/rtwe/uploads/flavour/driedfruit.png" alt="Dried Fruit">
<span class="name">Dried Fruit</span>
<span></span>
</li>
<li>
 <img src="/media/rtwe/uploads/flavour/smoke.png" alt="Smoke">
<span class="name">Smoke</span>
<span></span>
</li>
</ul>
<div class="clear"></div>
</div>
</div>
</div>
<div class="clear"></div>
</div>
<a href="#" class="readmore-close">Close</a>
</div>



<div id="tweFilters" class="wrapper">
<div id="productlist-filter" class="container filter-container">
<ul class="filter-list">
<li id="cphcontent_lisubcategory" class="filter">
<label class="filter-label">Region</label>
<select class="filter-input" onchange="command('plist',this.options[this.selectedIndex].value)">
<option value="mc.40">All</option>
<option value="mc.40%7esc.316">Campbeltown</option>
<option value="mc.40%7esc.313">Highland</option>
<option value="mc.40%7esc.315">Island</option>
<option value="mc.40%7esc.50">Islay</option>
<option value="mc.40%7esc.312">Lowland</option>
<option value="mc.40%7esc.314">Speyside</option>
</select>
</li><li id="cphcontent_librand" class="filter">
<label class="filter-label">Distillery / Brand</label>
<select class="filter-input" onchange="command('plist',this.options[this.selectedIndex].value)">
<option value="mc.40%7esc.40">All</option>
<option value="mc.40%7esc.40%7ebrand.highland-park-single-malt-scotch-whisky">Highland Park</option>
<option value="mc.40%7esc.40%7ebrand.aberfeldy-single-malt-scotch-whisky">Aberfeldy</option>
<option value="mc.40%7esc.40%7ebrand.aberlour-single-malt-scotch-whisky">Aberlour</option>
<option value="mc.40%7esc.40%7ebrand.ailsa-bay-single-malt-scotch-whisky">Ailsa Bay</option>
<option value="mc.40%7esc.40%7ebrand.allt-a-bhainne-single-malt-scotch-whisky">Allt-a-Bhainne</option>
<option value="mc.40%7esc.40%7ebrand.ancnoc-single-malt-scotch-whisky">AnCnoc</option>
<option value="mc.40%7esc.40%7ebrand.ardbeg-single-malt-scotch-whisky">Ardbeg</option>
<option value="mc.40%7esc.40%7ebrand.ardmore-single-malt-scotch-whisky">Ardmore</option>
<option value="mc.40%7esc.40%7ebrand.arran-single-malt-scotch-whisky">Arran</option>
<option value="mc.40%7esc.40%7ebrand.auchentoshan-single-malt-scotch-whisky">Auchentoshan</option>

<option value="mc.40%7esc.40%7ebrand.auchroisk-single-malt-scotch-whisky">Auchroisk</option>
<option value="mc.40%7esc.40%7ebrand.aultmore-single-malt-scotch-whisky">Aultmore</option>
<option value="mc.40%7esc.40%7ebrand.avonside-single-malt-scotch-whisky">Avonside</option>
<option value="mc.40%7esc.40%7ebrand.balblair-single-malt-scotch-whisky">Balblair</option>
<option value="mc.40%7esc.40%7ebrand.ballechin-single-malt-scotch-whisky">Ballechin</option>
<option value="mc.40%7esc.40%7ebrand.balmenach-single-malt-scotch-whisky">Balmenach</option>
<option value="mc.40%7esc.40%7ebrand.balvenie-single-malt-scotch-whisky">Balvenie</option>
<option value="mc.40%7esc.40%7ebrand.banff-single-malt-scotch-whisky">Banff</option>
<option value="mc.40%7esc.40%7ebrand.ben-nevis-single-malt-scotch-whisky">Ben Nevis</option>
<option value="mc.40%7esc.40%7ebrand.ben-wyvis-single-malt-scotch-whisky">Ben Wyvis</option>
<option value="mc.40%7esc.40%7ebrand.benriach-single-malt-scotch-whisky">Benriach</option>
<option value="mc.40%7esc.40%7ebrand.benrinnes-single-malt-scotch-whisky">Benrinnes</option>
<option value="mc.40%7esc.40%7ebrand.benromach-single-malt-scotch-whisky">Benromach</option>
<option value="mc.40%7esc.40%7ebrand.bladnoch-single-malt-scotch-whisky">Bladnoch</option>
<option value="mc.40%7esc.40%7ebrand.blair-athol-single-malt-scotch-whisky">Blair Athol</option>
<option value="mc.40%7esc.40%7ebrand.bowmore-single-malt-scotch-whisky">Bowmore</option>
<option value="mc.40%7esc.40%7ebrand.braes-of-glenlivet-braeval-single-malt-scotch-whisky">Braes of Glenlivet (Braeval)</option>
<option value="mc.40%7esc.40%7ebrand.brora-single-malt-scotch-whisky">Brora</option>
<option value="mc.40%7esc.40%7ebrand.bruichladdich-single-malt-scotch-whisky">Bruichladdich</option>
<option value="mc.40%7esc.40%7ebrand.bunnahabhain-single-malt-scotch-whisky">Bunnahabhain</option>
<option value="mc.40%7esc.40%7ebrand.caol-ila-single-malt-scotch-whisky">Caol Ila</option>
<option value="mc.40%7esc.40%7ebrand.caperdonich-single-malt-scotch-whisky">Caperdonich</option>
<option value="mc.40%7esc.40%7ebrand.cardhu-single-malt-scotch-whisky">Cardhu</option>
<option value="mc.40%7esc.40%7ebrand.clynelish-single-malt-scotch-whisky">Clynelish</option>
<option value="mc.40%7esc.40%7ebrand.coleburn-single-malt-scotch-whisky">Coleburn</option>
<option value="mc.40%7esc.40%7ebrand.convalmore-single-malt-scotch-whisky">Convalmore</option>
<option value="mc.40%7esc.40%7ebrand.cragganmore-single-malt-scotch-whisky">Cragganmore</option>
<option value="mc.40%7esc.40%7ebrand.craigduff-single-malt-scotch-whisky">Craigduff</option>
<option value="mc.40%7esc.40%7ebrand.craigellachie-single-malt-scotch-whisky">Craigellachie</option>
<option value="mc.40%7esc.40%7ebrand.croftengea-single-malt-scotch-whisky">Croftengea</option>
<option value="mc.40%7esc.40%7ebrand.cu-bocan-single-malt-scotch-whisky">Cu Bocan</option>
<option value="mc.40%7esc.40%7ebrand.dailuaine-single-malt-scotch-whisky">Dailuaine</option>
<option value="mc.40%7esc.40%7ebrand.dallas-dhu-single-malt-scotch-whisky">Dallas Dhu</option>
<option value="mc.40%7esc.40%7ebrand.dalmore-single-malt-scotch-whisky">Dalmore</option>
<option value="mc.40%7esc.40%7ebrand.dalwhinnie-single-malt-scotch-whisky">Dalwhinnie</option>
<option value="mc.40%7esc.40%7ebrand.deanston-single-malt-scotch-whisky">Deanston</option>
<option value="mc.40%7esc.40%7ebrand.deveron-single-malt-scotch-whisky">Deveron</option>
<option value="mc.40%7esc.40%7ebrand.dufftown-single-malt-scotch-whisky">Dufftown</option>
<option value="mc.40%7esc.40%7ebrand.dunglass-single-malt-scotch-whisky">Dunglass</option>
<option value="mc.40%7esc.40%7ebrand.edradour-single-malt-scotch-whisky">Edradour</option>
<option value="mc.40%7esc.40%7ebrand.fettercairn-single-malt-scotch-whisky">Fettercairn</option>
<option value="mc.40%7esc.40%7ebrand.glen-albyn-single-malt-scotch-whisky">Glen Albyn</option>
<option value="mc.40%7esc.40%7ebrand.glen-deveron-single-malt-scotch-whisky">Glen Deveron</option>
<option value="mc.40%7esc.40%7ebrand.glen-elgin-single-malt-scotch-whisky">Glen Elgin</option>
<option value="mc.40%7esc.40%7ebrand.glen-flagler-single-malt-scotch-whisky">Glen Flagler</option>
<option value="mc.40%7esc.40%7ebrand.glen-garioch-single-malt-scotch-whisky">Glen Garioch</option>
<option value="mc.40%7esc.40%7ebrand.glen-grant-single-malt-scotch-whisky">Glen Grant</option>
<option value="mc.40%7esc.40%7ebrand.glen-keith-single-malt-scotch-whisky">Glen Keith</option>
<option value="mc.40%7esc.40%7ebrand.glen-mhor-single-malt-scotch-whisky">Glen Mhor</option>
<option value="mc.40%7esc.40%7ebrand.glen-moray-single-malt-scotch-whisky">Glen Moray</option>
<option value="mc.40%7esc.40%7ebrand.glen-ord-single-malt-scotch-whisky">Glen Ord</option>
<option value="mc.40%7esc.40%7ebrand.glen-scotia-single-malt-scotch-whisky">Glen Scotia</option>
<option value="mc.40%7esc.40%7ebrand.glen-spey-single-malt-scotch-whisky">Glen Spey</option>
 <option value="mc.40%7esc.40%7ebrand.glenallachie-single-malt-scotch-whisky">Glenallachie</option>
<option value="mc.40%7esc.40%7ebrand.glenburgie-single-malt-scotch-whisky">Glenburgie</option>
<option value="mc.40%7esc.40%7ebrand.glencadam-single-malt-scotch-whisky">Glencadam</option>
<option value="mc.40%7esc.40%7ebrand.glencraig-single-malt-scotch-whisky">Glencraig</option>
<option value="mc.40%7esc.40%7ebrand.glendronach-single-malt-scotch-whisky">Glendronach</option>
<option value="mc.40%7esc.40%7ebrand.glendullan-single-malt-scotch-whisky">Glendullan</option>
<option value="mc.40%7esc.40%7ebrand.glenesk-single-malt-scotch-whisky">Glenesk</option>
<option value="mc.40%7esc.40%7ebrand.glenfarclas-single-malt-scotch-whisky">Glenfarclas</option>
<option value="mc.40%7esc.40%7ebrand.glenfiddich-single-malt-scotch-whisky">Glenfiddich</option>
<option value="mc.40%7esc.40%7ebrand.glenfyne-single-malt-scotch-whisky">Glenfyne</option>
<option value="mc.40%7esc.40%7ebrand.glenglassaugh-single-malt-scotch-whisky">Glenglassaugh</option>
<option value="mc.40%7esc.40%7ebrand.glengoyne-single-malt-scotch-whisky">Glengoyne</option>
<option value="mc.40%7esc.40%7ebrand.glenisla-single-malt-scotch-whisky">Glenisla</option>
<option value="mc.40%7esc.40%7ebrand.glenkinchie-single-malt-scotch-whisky">Glenkinchie</option>
<option value="mc.40%7esc.40%7ebrand.glenlivet-single-malt-scotch-whisky">Glenlivet</option>
<option value="mc.40%7esc.40%7ebrand.glenlochy-single-malt-scotch-whisky">Glenlochy</option>
<option value="mc.40%7esc.40%7ebrand.glenlossie-single-malt-scotch-whisky">Glenlossie</option>
<option value="mc.40%7esc.40%7ebrand.glenmorangie-single-malt-scotch-whisky">Glenmorangie</option>
<option value="mc.40%7esc.40%7ebrand.glenrothes-single-malt-scotch-whisky">Glenrothes</option>
<option value="mc.40%7esc.40%7ebrand.glentauchers-single-malt-scotch-whisky">Glentauchers</option>
<option value="mc.40%7esc.40%7ebrand.glenturret-single-malt-scotch-whisky">Glenturret</option>
<option value="mc.40%7esc.40%7ebrand.glenugie-single-malt-scotch-whisky">Glenugie</option>
<option value="mc.40%7esc.40%7ebrand.glenury-royal-single-malt-scotch-whisky">Glenury Royal</option>
<option value="mc.40%7esc.40%7ebrand.highland-harvest-single-malt-scotch-whisky">Highland Harvest</option>
<option value="mc.40%7esc.40%7ebrand.hillside-single-malt-scotch-whisky">Hillside</option>
<option value="mc.40%7esc.40%7ebrand.imperial-single-malt-scotch-whisky">Imperial</option>
<option value="mc.40%7esc.40%7ebrand.inchfad-single-malt-scotch-whisky">Inchfad</option>
<option value="mc.40%7esc.40%7ebrand.inchgower-single-malt-scotch-whisky">Inchgower</option>
<option value="mc.40%7esc.40%7ebrand.inchmoan-single-malt-scotch-whisky">Inchmoan</option>
<option value="mc.40%7esc.40%7ebrand.inchmurrin-single-malt-scotch-whisky">Inchmurrin</option>
<option value="mc.40%7esc.40%7ebrand.inverleven-single-malt-scotch-whisky">Inverleven</option>
<option value="mc.40%7esc.40%7ebrand.jura-single-malt-scotch-whisky">Jura</option>
<option value="mc.40%7esc.40%7ebrand.kilchoman-single-malt-scotch-whisky">Kilchoman</option>
<option value="mc.40%7esc.40%7ebrand.kilkerran-single-malt-scotch-whisky">Kilkerran</option>
<option value="mc.40%7esc.40%7ebrand.kinclaith-single-malt-scotch-whisky">Kinclaith</option>
<option value="mc.40%7esc.40%7ebrand.kingsbarns-single-malt-scotch-whisky">Kingsbarns</option>
<option value="mc.40%7esc.40%7ebrand.kininvie-single-malt-scotch-whisky">Kininvie</option>
<option value="mc.40%7esc.40%7ebrand.knockando-single-malt-scotch-whisky">Knockando</option>
<option value="mc.40%7esc.40%7ebrand.ladyburn-single-malt-scotch-whisky">Ladyburn</option>
<option value="mc.40%7esc.40%7ebrand.lagavulin-single-malt-scotch-whisky">Lagavulin</option>
<option value="mc.40%7esc.40%7ebrand.laphroaig-single-malt-scotch-whisky">Laphroaig</option>
<option value="mc.40%7esc.40%7ebrand.ledaig-single-malt-scotch-whisky">Ledaig</option>
<option value="mc.40%7esc.40%7ebrand.linkwood-single-malt-scotch-whisky">Linkwood</option>
<option value="mc.40%7esc.40%7ebrand.linlithgow-single-malt-scotch-whisky">Linlithgow</option>
<option value="mc.40%7esc.40%7ebrand.littlemill-single-malt-scotch-whisky">Littlemill</option>
<option value="mc.40%7esc.40%7ebrand.loch-dhu-single-malt-scotch-whisky">Loch Dhu</option>
<option value="mc.40%7esc.40%7ebrand.loch-lomond-single-malt-scotch-whisky">Loch Lomond</option>
<option value="mc.40%7esc.40%7ebrand.lochside-single-malt-scotch-whisky">Lochside</option>
<option value="mc.40%7esc.40%7ebrand.longmorn-single-malt-scotch-whisky">Longmorn</option>
<option value="mc.40%7esc.40%7ebrand.longrow-single-malt-scotch-whisky">Longrow</option>
<option value="mc.40%7esc.40%7ebrand.macallan-single-malt-scotch-whisky">Macallan</option>
<option value="mc.40%7esc.40%7ebrand.macduff-single-malt-scotch-whisky">Macduff</option>
<option value="mc.40%7esc.40%7ebrand.macphails-single-malt-scotch-whisky">MacPhail&#39;s</option>
<option value="mc.40%7esc.40%7ebrand.mannochmore-single-malt-scotch-whisky">Mannochmore</option>
<option value="mc.40%7esc.40%7ebrand.millburn-single-malt-scotch-whisky">Millburn</option>
<option value="mc.40%7esc.40%7ebrand.miltonduff-single-malt-scotch-whisky">Miltonduff</option>
<option value="mc.40%7esc.40%7ebrand.mortlach-single-malt-scotch-whisky">Mortlach</option>
<option value="mc.40%7esc.40%7ebrand.mosstowie-single-malt-scotch-whisky">Mosstowie</option>
<option value="mc.40%7esc.40%7ebrand.north-port-brechin-single-malt-scotch-whisky">North Port (Brechin)</option>
<option value="mc.40%7esc.40%7ebrand.oban-single-malt-scotch-whisky">Oban</option>
<option value="mc.40%7esc.40%7ebrand.octomore-single-malt-scotch-whisky">Octomore</option>
<option value="mc.40%7esc.40%7ebrand.old-ballantruan-single-malt-scotch-whisky">Old Ballantruan</option>
<option value="mc.40%7esc.40%7ebrand.old-elgin-single-malt-scotch-whisky">Old Elgin</option>
<option value="mc.40%7esc.40%7ebrand.old-pulteney-single-malt-scotch-whisky">Old Pulteney</option>
<option value="mc.40%7esc.40%7ebrand.pittyvaich-single-malt-scotch-whisky">Pittyvaich</option>
<option value="mc.40%7esc.40%7ebrand.port-askaig-single-malt-scotch-whisky">Port Askaig</option>
<option value="mc.40%7esc.40%7ebrand.port-charlotte-single-malt-scotch-whisky">Port Charlotte</option>
<option value="mc.40%7esc.40%7ebrand.port-ellen-single-malt-scotch-whisky">Port Ellen</option>
<option value="mc.40%7esc.40%7ebrand.pride-of-strathspey-single-malt-scotch-whisky">Pride of Strathspey</option>
<option value="mc.40%7esc.40%7ebrand.rosebank-single-malt-scotch-whisky">Rosebank</option>
<option value="mc.40%7esc.40%7ebrand.royal-brackla-single-malt-scotch-whisky">Royal Brackla</option>
<option value="mc.40%7esc.40%7ebrand.royal-lochnagar-single-malt-scotch-whisky">Royal Lochnagar</option>
<option value="mc.40%7esc.40%7ebrand.scapa-single-malt-scotch-whisky">Scapa</option>
<option value="mc.40%7esc.40%7ebrand.singleton-of-dufftown-single-malt-scotch-whisky">Singleton of Dufftown</option>
<option value="mc.40%7esc.40%7ebrand.smokehead-single-malt-scotch-whisky">Smokehead</option>
<option value="mc.40%7esc.40%7ebrand.speyburn-single-malt-scotch-whisky">Speyburn</option>
<option value="mc.40%7esc.40%7ebrand.speyside-single-malt-scotch-whisky">Speyside</option>
<option value="mc.40%7esc.40%7ebrand.springbank-single-malt-scotch-whisky">Springbank</option>
<option value="mc.40%7esc.40%7ebrand.st-magdalene-single-malt-scotch-whisky">St Magdalene</option>
<option value="mc.40%7esc.40%7ebrand.strathisla-single-malt-scotch-whisky">Strathisla</option>
<option value="mc.40%7esc.40%7ebrand.strathmill-single-malt-scotch-whisky">Strathmill</option>
<option value="mc.40%7esc.40%7ebrand.talisker-single-malt-scotch-whisky">Talisker</option>
<option value="mc.40%7esc.40%7ebrand.tamdhu-single-malt-scotch-whisky">Tamdhu</option>
<option value="mc.40%7esc.40%7ebrand.tamnavulin-single-malt-scotch-whisky">Tamnavulin</option>
<option value="mc.40%7esc.40%7ebrand.teaninich-single-malt-scotch-whisky">Teaninich</option>
<option value="mc.40%7esc.40%7ebrand.tobermory-single-malt-scotch-whisky">Tobermory</option>
<option value="mc.40%7esc.40%7ebrand.tomatin-single-malt-scotch-whisky">Tomatin</option>
<option value="mc.40%7esc.40%7ebrand.tomintoul-single-malt-scotch-whisky">Tomintoul</option>
<option value="mc.40%7esc.40%7ebrand.tormore-single-malt-scotch-whisky">Tormore</option>
<option value="mc.40%7esc.40%7ebrand.tullibardine-single-malt-scotch-whisky">Tullibardine</option>
<option value="mc.40%7esc.40%7ebrand.various-single-malt-scotch-whisky">Various</option>
<option value="mc.40%7esc.40%7ebrand.wolfburn-single-malt-scotch-whisky">Wolfburn</option>
</select>
</li><li id="cphcontent_lipricerange" class="filter">
<label class="filter-label">Price Range</label>
<select class="filter-input" onchange="command('plist',this.options[this.selectedIndex].value)">
<option value="mc.40%7esc.40%7epr.null">All</option>
<option value="mc.40%7esc.40%7epr.30">Up to £30</option>
<option value="mc.40%7esc.40%7epr.50">£30 to £50</option>
<option value="mc.40%7esc.40%7epr.100">£50 to £100</option>
<option value="mc.40%7esc.40%7epr.150">£100 to £150</option>
<option value="mc.40%7esc.40%7epr.250">£150 to £250</option>
<option value="mc.40%7esc.40%7epr.500">£250 to £500</option>
<option value="mc.40%7esc.40%7epr.1000">£500 to £1,000</option>
<option value="mc.40%7esc.40%7epr.over">Over £1,000</option>
</select>
</li><li id="cphcontent_liage" class="filter">
<label class="filter-label">Age</label>
<select class="filter-input" onchange="command('plist',this.options[this.selectedIndex].value)">
<option value="mc.40%7esc.40">All</option>
<option value="mc.40%7esc.40%7eage.0">No Age Statement</option>
<option value="mc.40%7esc.40%7eage.3">3 Year Old</option>
<option value="mc.40%7esc.40%7eage.5">5 Year Old</option>
<option value="mc.40%7esc.40%7eage.6">6 Year Old</option>
<option value="mc.40%7esc.40%7eage.7">7 Year Old</option>
<option value="mc.40%7esc.40%7eage.8">8 Year Old</option>
<option value="mc.40%7esc.40%7eage.9">9 Year Old</option>
<option value="mc.40%7esc.40%7eage.10">10 Year Old</option>
<option value="mc.40%7esc.40%7eage.11">11 Year Old</option>
<option value="mc.40%7esc.40%7eage.12">12 Year Old</option>
<option value="mc.40%7esc.40%7eage.13">13 Year Old</option>
<option value="mc.40%7esc.40%7eage.14">14 Year Old</option>
<option value="mc.40%7esc.40%7eage.15">15 Year Old</option>
<option value="mc.40%7esc.40%7eage.16">16 Year Old</option>
<option value="mc.40%7esc.40%7eage.17">17 Year Old</option>
<option value="mc.40%7esc.40%7eage.18">18 Year Old</option>
<option value="mc.40%7esc.40%7eage.19">19 Year Old</option>
<option value="mc.40%7esc.40%7eage.20">20 Year Old</option>
<option value="mc.40%7esc.40%7eage.21">21 Year Old</option>
<option value="mc.40%7esc.40%7eage.22">22 Year Old</option>
<option value="mc.40%7esc.40%7eage.23">23 Year Old</option>
<option value="mc.40%7esc.40%7eage.24">24 Year Old</option>
<option value="mc.40%7esc.40%7eage.25">25 Year Old</option>
<option value="mc.40%7esc.40%7eage.26">26 Year Old</option>
<option value="mc.40%7esc.40%7eage.27">27 Year Old</option>
<option value="mc.40%7esc.40%7eage.28">28 Year Old</option>
<option value="mc.40%7esc.40%7eage.29">29 Year Old</option>
<option value="mc.40%7esc.40%7eage.30">30 Year Old</option>
<option value="mc.40%7esc.40%7eage.31">31 Year Old</option>
<option value="mc.40%7esc.40%7eage.32">32 Year Old</option>
<option value="mc.40%7esc.40%7eage.33">33 Year Old</option>
<option value="mc.40%7esc.40%7eage.34">34 Year Old</option>
<option value="mc.40%7esc.40%7eage.35">35 Year Old</option>
<option value="mc.40%7esc.40%7eage.36">36 Year Old</option>
<option value="mc.40%7esc.40%7eage.37">37 Year Old</option>
<option value="mc.40%7esc.40%7eage.38">38 Year Old</option>
<option value="mc.40%7esc.40%7eage.39">39 Year Old</option>
<option value="mc.40%7esc.40%7eage.40">40 Year Old</option>
<option value="mc.40%7esc.40%7eage.41">41 Year Old</option>
<option value="mc.40%7esc.40%7eage.42">42 Year Old</option>
<option value="mc.40%7esc.40%7eage.43">43 Year Old</option>
<option value="mc.40%7esc.40%7eage.44">44 Year Old</option>
<option value="mc.40%7esc.40%7eage.45">45 Year Old</option>
<option value="mc.40%7esc.40%7eage.46">46 Year Old</option>
<option value="mc.40%7esc.40%7eage.47">47 Year Old</option>
<option value="mc.40%7esc.40%7eage.48">48 Year Old</option>
<option value="mc.40%7esc.40%7eage.49">49 Year Old</option>
<option value="mc.40%7esc.40%7eage.50">50 Year Old</option>
<option value="mc.40%7esc.40%7eage.51">51 Year Old</option>
<option value="mc.40%7esc.40%7eage.52">52 Year Old</option>
<option value="mc.40%7esc.40%7eage.53">53 Year Old</option>
<option value="mc.40%7esc.40%7eage.54">54 Year Old</option>
<option value="mc.40%7esc.40%7eage.55">55 Year Old</option>
<option value="mc.40%7esc.40%7eage.56">56 Year Old</option>
<option value="mc.40%7esc.40%7eage.57">57 Year Old</option>
<option value="mc.40%7esc.40%7eage.58">58 Year Old</option>
<option value="mc.40%7esc.40%7eage.59">59 Year Old</option>
<option value="mc.40%7esc.40%7eage.60">60 Year Old</option>
<option value="mc.40%7esc.40%7eage.61">61 Year Old</option>
<option value="mc.40%7esc.40%7eage.62">62 Year Old</option>
<option value="mc.40%7esc.40%7eage.63">63 Year Old</option>
<option value="mc.40%7esc.40%7eage.64">64 Year Old</option>
<option value="mc.40%7esc.40%7eage.65">65 Year Old</option>
<option value="mc.40%7esc.40%7eage.67">67 Year Old</option>
<option value="mc.40%7esc.40%7eage.70">70 Year Old</option>
<option value="mc.40%7esc.40%7eage.72">72 Year Old</option>
</select>
</li><li id="cphcontent_livintage" class="filter">
<label class="filter-label">Vintage</label>
<select class="filter-input" onchange="command('plist',this.options[this.selectedIndex].value)">
<option value="mc.40%7esc.40">All</option>
<option value="mc.40%7esc.40%7evintage.1926">1926</option>
<option value="mc.40%7esc.40%7evintage.1936">1936</option>
<option value="mc.40%7esc.40%7evintage.1937">1937</option>
<option value="mc.40%7esc.40%7evintage.1938">1938</option>
<option value="mc.40%7esc.40%7evintage.1939">1939</option>
<option value="mc.40%7esc.40%7evintage.1940">1940</option>
<option value="mc.40%7esc.40%7evintage.1943">1943</option>
<option value="mc.40%7esc.40%7evintage.1945">1945</option>
<option value="mc.40%7esc.40%7evintage.1946">1946</option>
<option value="mc.40%7esc.40%7evintage.1947">1947</option>
<option value="mc.40%7esc.40%7evintage.1948">1948</option>
<option value="mc.40%7esc.40%7evintage.1949">1949</option>
<option value="mc.40%7esc.40%7evintage.1950">1950</option>
<option value="mc.40%7esc.40%7evintage.1951">1951</option>
<option value="mc.40%7esc.40%7evintage.1952">1952</option>
<option value="mc.40%7esc.40%7evintage.1953">1953</option>
<option value="mc.40%7esc.40%7evintage.1954">1954</option>
<option value="mc.40%7esc.40%7evintage.1955">1955</option>
<option value="mc.40%7esc.40%7evintage.1956">1956</option>
<option value="mc.40%7esc.40%7evintage.1957">1957</option>
<option value="mc.40%7esc.40%7evintage.1958">1958</option>
<option value="mc.40%7esc.40%7evintage.1959">1959</option>
<option value="mc.40%7esc.40%7evintage.1960">1960</option>
<option value="mc.40%7esc.40%7evintage.1961">1961</option>
<option value="mc.40%7esc.40%7evintage.1962">1962</option>
<option value="mc.40%7esc.40%7evintage.1963">1963</option>
<option value="mc.40%7esc.40%7evintage.1964">1964</option>
<option value="mc.40%7esc.40%7evintage.1965">1965</option>
<option value="mc.40%7esc.40%7evintage.1966">1966</option>
<option value="mc.40%7esc.40%7evintage.1967">1967</option>
<option value="mc.40%7esc.40%7evintage.1968">1968</option>
<option value="mc.40%7esc.40%7evintage.1969">1969</option>
<option value="mc.40%7esc.40%7evintage.1970">1970</option>
<option value="mc.40%7esc.40%7evintage.1971">1971</option>

<option value="mc.40%7esc.40%7evintage.1972">1972</option>
<option value="mc.40%7esc.40%7evintage.1973">1973</option>
<option value="mc.40%7esc.40%7evintage.1974">1974</option>
<option value="mc.40%7esc.40%7evintage.1975">1975</option>
<option value="mc.40%7esc.40%7evintage.1976">1976</option>
<option value="mc.40%7esc.40%7evintage.1977">1977</option>
<option value="mc.40%7esc.40%7evintage.1978">1978</option>
<option value="mc.40%7esc.40%7evintage.1979">1979</option>
<option value="mc.40%7esc.40%7evintage.1980">1980</option>
<option value="mc.40%7esc.40%7evintage.1981">1981</option>
<option value="mc.40%7esc.40%7evintage.1982">1982</option>
<option value="mc.40%7esc.40%7evintage.1983">1983</option>
<option value="mc.40%7esc.40%7evintage.1984">1984</option>
<option value="mc.40%7esc.40%7evintage.1985">1985</option>
<option value="mc.40%7esc.40%7evintage.1986">1986</option>
<option value="mc.40%7esc.40%7evintage.1987">1987</option>
<option value="mc.40%7esc.40%7evintage.1988">1988</option>
<option value="mc.40%7esc.40%7evintage.1989">1989</option>
<option value="mc.40%7esc.40%7evintage.1990">1990</option>
<option value="mc.40%7esc.40%7evintage.1991">1991</option>
<option value="mc.40%7esc.40%7evintage.1992">1992</option>
<option value="mc.40%7esc.40%7evintage.1993">1993</option>
<option value="mc.40%7esc.40%7evintage.1994">1994</option>
<option value="mc.40%7esc.40%7evintage.1995">1995</option>
<option value="mc.40%7esc.40%7evintage.1996">1996</option>
<option value="mc.40%7esc.40%7evintage.1997">1997</option>
<option value="mc.40%7esc.40%7evintage.1998">1998</option>
<option value="mc.40%7esc.40%7evintage.1999">1999</option>
<option value="mc.40%7esc.40%7evintage.2000">2000</option>
<option value="mc.40%7esc.40%7evintage.2001">2001</option>
<option value="mc.40%7esc.40%7evintage.2002">2002</option>
<option value="mc.40%7esc.40%7evintage.2003">2003</option>
<option value="mc.40%7esc.40%7evintage.2004">2004</option>
<option value="mc.40%7esc.40%7evintage.2005">2005</option>
 <option value="mc.40%7esc.40%7evintage.2006">2006</option>
<option value="mc.40%7esc.40%7evintage.2007">2007</option>
<option value="mc.40%7esc.40%7evintage.2008">2008</option>
<option value="mc.40%7esc.40%7evintage.2009">2009</option>
<option value="mc.40%7esc.40%7evintage.2010">2010</option>
<option value="mc.40%7esc.40%7evintage.2011">2011</option>
<option value="mc.40%7esc.40%7evintage.2012">2012</option>
<option value="mc.40%7esc.40%7evintage.2013">2013</option>
<option value="mc.40%7esc.40%7evintage.2014">2014</option>
</select>
</li><li id="cphcontent_licasktype" class="filter">
<label class="filter-label">Cask Type</label>
<select class="filter-input" onchange="command('plist',this.options[this.selectedIndex].value)">
<option value="mc.40%7esc.40">All</option>
<option value="mc.40%7esc.40%7ecask.Wine">Wine</option>
<option value="mc.40%7esc.40%7ecask.Beer">Beer</option>
<option value="mc.40%7esc.40%7ecask.Bourbon">Bourbon</option>
<option value="mc.40%7esc.40%7ecask.Bourboun">Bourboun</option>
<option value="mc.40%7esc.40%7ecask.Cognac">Cognac</option>
<option value="mc.40%7esc.40%7ecask.Ex-Bourbon">Ex-Bourbon</option>
<option value="mc.40%7esc.40%7ecask.Ex-Oloroso">Ex-Oloroso</option>
<option value="mc.40%7esc.40%7ecask.Madeira">Madeira</option>
<option value="mc.40%7esc.40%7ecask.Marsala">Marsala</option>
<option value="mc.40%7esc.40%7ecask.Mizunara">Mizunara</option>
<option value="mc.40%7esc.40%7ecask.New_oak">New oak</option>
<option value="mc.40%7esc.40%7ecask.Port">Port</option>
<option value="mc.40%7esc.40%7ecask.Rum">Rum</option>
<option value="mc.40%7esc.40%7ecask.Rye">Rye</option>
<option value="mc.40%7esc.40%7ecask.Sherry">Sherry</option>
</select>
</li><li id="cphcontent_libottler" class="filter">
<label class="filter-label">Bottler</label>
<select class="filter-input" onchange="command('plist',this.options[this.selectedIndex].value)">
<option value="mc.40%7esc.40">All</option>
<option value="mc.40%7esc.40%7enothing.2">-------------------------------------</option>
<option value="mc.40%7esc.40%7ebottler.Distillery_Bottling">All Distillery Bottling</option>
<option value="mc.40%7esc.40%7ebottler.Independent_Bottling">All Independent Bottling</option>
<option value="mc.40%7esc.40%7enothing.3">-------------------------------------</option>
<option value="mc.40%7esc.40%7ebottler.Murray_McDavid">Murray McDavid</option>
<option value="mc.40%7esc.40%7ebottler.Acorn">Acorn</option>
<option value="mc.40%7esc.40%7ebottler.Adelphi">Adelphi</option>
<option value="mc.40%7esc.40%7ebottler.Alistair_Walker">Alistair Walker</option>
<option value="mc.40%7esc.40%7ebottler.Archives">Archives</option>
<option value="mc.40%7esc.40%7ebottler.Asta_Morris">Asta Morris</option>
<option value="mc.40%7esc.40%7ebottler.Averys_of_Bristol">Averys of Bristol</option>
<option value="mc.40%7esc.40%7ebottler.Berry_Bros_%24_Rudd">Berry Bros &amp; Rudd</option>
<option value="mc.40%7esc.40%7ebottler.Big_Market">Big Market</option>
<option value="mc.40%7esc.40%7ebottler.Blackadder">Blackadder</option>
<option value="mc.40%7esc.40%7ebottler.C_Dully">C Dully</option>
<option value="mc.40%7esc.40%7ebottler.Cadenhead%60s">Cadenhead&#39;s</option>
<option value="mc.40%7esc.40%7ebottler.Carn_Mor">Carn Mor</option>
<option value="mc.40%7esc.40%7ebottler.Compass_Box">Compass Box</option>
<option value="mc.40%7esc.40%7ebottler.Cooper%60s_Choice">Cooper&#39;s Choice</option>
<option value="mc.40%7esc.40%7ebottler.Corsini">Corsini</option>
<option value="mc.40%7esc.40%7ebottler.Crabbie">Crabbie</option>
<option value="mc.40%7esc.40%7ebottler.Creative_Whisky_Co">Creative Whisky Co</option>
<option value="mc.40%7esc.40%7ebottler.D%24C">D&amp;C</option>
<option value="mc.40%7esc.40%7ebottler.Da_Mhile">Da Mhile</option>
<option value="mc.40%7esc.40%7ebottler.Daily_Dram">Daily Dram</option>
<option value="mc.40%7esc.40%7ebottler.Darkness">Darkness</option>
<option value="mc.40%7esc.40%7ebottler.Dewar_Rattray">Dewar Rattray</option>
<option value="mc.40%7esc.40%7ebottler.Direct_Wines">Direct Wines</option>
<option value="mc.40%7esc.40%7ebottler.Douglas_Laing">Douglas Laing</option>
<option value="mc.40%7esc.40%7ebottler.Douglas_Murdoch">Douglas Murdoch</option>
<option value="mc.40%7esc.40%7ebottler.Douglas_Of_Drumlanrig">Douglas Of Drumlanrig</option>
<option value="mc.40%7esc.40%7ebottler.Dun_Bheagan">Dun Bheagan</option>
<option value="mc.40%7esc.40%7ebottler.Dun_Eideann">Dun Eideann</option>
<option value="mc.40%7esc.40%7ebottler.Duncan_Taylor">Duncan Taylor</option>
<option value="mc.40%7esc.40%7ebottler.Duthie">Duthie</option>
<option value="mc.40%7esc.40%7ebottler.Eiling_Lim">Eiling Lim</option>
<option value="mc.40%7esc.40%7ebottler.Elixir_Distillers">Elixir Distillers</option>
<option value="mc.40%7esc.40%7ebottler.Finest_Whisky">Finest Whisky</option>
<option value="mc.40%7esc.40%7ebottler.First_Cask">First Cask</option>
<option value="mc.40%7esc.40%7ebottler.Forties">Forties</option>
<option value="mc.40%7esc.40%7ebottler.Gordon_%24_MacPhail">Gordon &amp; MacPhail</option>
<option value="mc.40%7esc.40%7ebottler.Hart_Brothers">Hart Brothers</option>
<option value="mc.40%7esc.40%7ebottler.Hidden_Spirits">Hidden Spirits</option>
<option value="mc.40%7esc.40%7ebottler.High_Spirits">High Spirits</option>
<option value="mc.40%7esc.40%7ebottler.High_Spirits_Collection">High Spirits Collection</option>
<option value="mc.40%7esc.40%7ebottler.Hunter_Laing">Hunter Laing</option>
<option value="mc.40%7esc.40%7ebottler.Ian_Macleod">Ian Macleod</option>
<option value="mc.40%7esc.40%7ebottler.J%24J_Hunter">J&amp;J Hunter</option>
<option value="mc.40%7esc.40%7ebottler.Jack_Wiebers">Jack Wiebers</option>
<option value="mc.40%7esc.40%7ebottler.James_MacArthur">James MacArthur</option>
<option value="mc.40%7esc.40%7ebottler.Jean_Boyer">Jean Boyer</option>
<option value="mc.40%7esc.40%7ebottler.John_Crabbie">John Crabbie</option>
<option value="mc.40%7esc.40%7ebottler.La_Maison_du_Whisky">La Maison du Whisky</option>
<option value="mc.40%7esc.40%7ebottler.La_Reserve">La Reserve</option>
<option value="mc.40%7esc.40%7ebottler.Liquid_Sun">Liquid Sun</option>
<option value="mc.40%7esc.40%7ebottler.Lombard">Lombard</option>
<option value="mc.40%7esc.40%7ebottler.Mackillop%60s">Mackillop&#39;s</option>
<option value="mc.40%7esc.40%7ebottler.Malts_of_Scotland">Malts of Scotland</option>
<option value="mc.40%7esc.40%7ebottler.Masam">Masam</option>
<option value="mc.40%7esc.40%7ebottler.McGibbon%60s">McGibbon&#39;s</option>
<option value="mc.40%7esc.40%7ebottler.Moncrieffe">Moncrieffe</option>
<option value="mc.40%7esc.40%7ebottler.Moon_Import">Moon Import</option>
<option value="mc.40%7esc.40%7ebottler.Mossburn">Mossburn</option>
<option value="mc.40%7esc.40%7ebottler.North_Star_Spirits">North Star Spirits</option>
<option value="mc.40%7esc.40%7ebottler.Parker%60s">Parker&#39;s</option>
<option value="mc.40%7esc.40%7ebottler.Peck">Peck</option>
<option value="mc.40%7esc.40%7ebottler.Peter_Thomson">Peter Thomson</option>
<option value="mc.40%7esc.40%7ebottler.Renegade">Renegade</option>
<option value="mc.40%7esc.40%7ebottler.Robertson">Robertson</option>
<option value="mc.40%7esc.40%7ebottler.Samaroli">Samaroli</option>
<option value="mc.40%7esc.40%7ebottler.Scotch_Malt_Whisky_Society">Scotch Malt Whisky Society</option>
<option value="mc.40%7esc.40%7ebottler.Scotchconnection">Scotchconnection</option>
<option value="mc.40%7esc.40%7ebottler.Scott%60s_Selection">Scott&#39;s Selection</option>
<option value="mc.40%7esc.40%7ebottler.Sestante">Sestante</option>
<option value="mc.40%7esc.40%7ebottler.Signatory">Signatory</option>
<option value="mc.40%7esc.40%7ebottler.Silver_Seal">Silver Seal</option>
<option value="mc.40%7esc.40%7ebottler.Single_Cask_Nation">Single Cask Nation</option>
<option value="mc.40%7esc.40%7ebottler.Speciality_Drinks">Speciality Drinks</option>
<option value="mc.40%7esc.40%7ebottler.Speciality_Drinks_Ltd">Speciality Drinks Ltd</option>
<option value="mc.40%7esc.40%7ebottler.That_Boutique-y_Whisky_Company">That Boutique-y Whisky Company</option>
<option value="mc.40%7esc.40%7ebottler.The_Bottlers">The Bottlers</option>
<option value="mc.40%7esc.40%7ebottler.The_Clan_Denny">The Clan Denny</option>
<option value="mc.40%7esc.40%7ebottler.The_Master_of_Malt">The Master of Malt</option>
<option value="mc.40%7esc.40%7ebottler.The_Nectar">The Nectar</option>
<option value="mc.40%7esc.40%7ebottler.The_Perfect_Dram">The Perfect Dram</option>
<option value="mc.40%7esc.40%7ebottler.The_Ultimate_Whisky_Company">The Ultimate Whisky Company</option>
<option value="mc.40%7esc.40%7ebottler.The_Whisky_Agency">The Whisky Agency</option>
<option value="mc.40%7esc.40%7ebottler.The_Whisky_Connoisseur">The Whisky Connoisseur</option>
<option value="mc.40%7esc.40%7ebottler.The_Whisky_Exchange">The Whisky Exchange</option>
<option value="mc.40%7esc.40%7ebottler.The_Whisky_Jury">The Whisky Jury</option>
<option value="mc.40%7esc.40%7ebottler.Valinch_%24_Mallet">Valinch &amp; Mallet</option>
<option value="mc.40%7esc.40%7ebottler.Velier">Velier</option>
<option value="mc.40%7esc.40%7ebottler.Watt_Whisky">Watt Whisky</option>
<option value="mc.40%7esc.40%7ebottler.Whisky_Connoisseur">Whisky Connoisseur</option>
<option value="mc.40%7esc.40%7ebottler.Whiskymessen%3bdk">Whiskymessen.dk</option>
<option value="mc.40%7esc.40%7ebottler.Whyte_%24_Whyte">Whyte &amp; Whyte</option>
<option value="mc.40%7esc.40%7ebottler.Wilson_%24_Morgan">Wilson &amp; Morgan</option>
</select>
</li><li id="cphcontent_liseries" class="filter">
<label class="filter-label">Series</label>
<select class="filter-input" onchange="command('plist',this.options[this.selectedIndex].value)">
<option value="mc.40%7esc.40">All</option>
<option value="mc.40%7esc.40%7eseries.175th_Anniversary">175th Anniversary</option>
<option value="mc.40%7esc.40%7eseries.1824">1824</option>
<option value="mc.40%7esc.40%7eseries.Annual_Release">Annual Release</option>
<option value="mc.40%7esc.40%7eseries.Antica_Casa_Marchesi_Spinola">Antica Casa Marchesi Spinola</option>
<option value="mc.40%7esc.40%7eseries.Artist">Artist</option>
<option value="mc.40%7esc.40%7eseries.Authentic_Collectiob">Authentic Collectiob</option>
<option value="mc.40%7esc.40%7eseries.Authentic_Collection">Authentic Collection</option>
<option value="mc.40%7esc.40%7eseries.Berry%60s_Own_Selection">Berry&#39;s Own Selection</option>
<option value="mc.40%7esc.40%7eseries.Blackadder_Statement">Blackadder Statement</option>
<option value="mc.40%7esc.40%7eseries.Bodega">Bodega</option>
<option value="mc.40%7esc.40%7eseries.Cask_Exploration">Cask Exploration</option>
<option value="mc.40%7esc.40%7eseries.Cask_Master_Selection">Cask Master Selection</option>
<option value="mc.40%7esc.40%7eseries.Cask_Master_Selection_No%3b6">Cask Master Selection No.6</option>
<option value="mc.40%7esc.40%7eseries.Cask_Series">Cask Series</option>
<option value="mc.40%7esc.40%7eseries.Cask_Strength_(Gordon_%24_MacPhail)">Cask Strength (Gordon &amp; MacPhail)</option>
<option value="mc.40%7esc.40%7eseries.Cask_Strength_Collection">Cask Strength Collection</option>
<option value="mc.40%7esc.40%7eseries.Celebration_of_the_Cask">Celebration of the Cask</option>
<option value="mc.40%7esc.40%7eseries.Cellar_Collection">Cellar Collection</option>
<option value="mc.40%7esc.40%7eseries.Centenary_Reserve">Centenary Reserve</option>
<option value="mc.40%7esc.40%7eseries.Chaos_Batch_No%3b_2">Chaos Batch No. 2</option>
<option value="mc.40%7esc.40%7eseries.Chieftain%60s">Chieftain&#39;s</option>
<option value="mc.40%7esc.40%7eseries.Christmas">Christmas</option>
<option value="mc.40%7esc.40%7eseries.Christmas_Edition">Christmas Edition</option>
<option value="mc.40%7esc.40%7eseries.Connoisseurs_Choice">Connoisseurs Choice</option>
<option value="mc.40%7esc.40%7eseries.DCS_Compendium">DCS Compendium</option>
<option value="mc.40%7esc.40%7eseries.Deoch_an_Doras">Deoch an Doras</option>
<option value="mc.40%7esc.40%7eseries.Director%60s_Special">Director&#39;s Special</option>
<option value="mc.40%7esc.40%7eseries.Discovery">Discovery</option>
<option value="mc.40%7esc.40%7eseries.Distillers_Edition">Distillers Edition</option>
<option value="mc.40%7esc.40%7eseries.Distillery_Labels">Distillery Labels</option>
<option value="mc.40%7esc.40%7eseries.Dreams">Dreams</option>
<option value="mc.40%7esc.40%7eseries.Dun_Eideann">Dun Eideann</option>
<option value="mc.40%7esc.40%7eseries.Elements_of_Islay">Elements of Islay</option>
<option value="mc.40%7esc.40%7eseries.Elgin_Heritage">Elgin Heritage</option>
<option value="mc.40%7esc.40%7eseries.Exceptional_Casks">Exceptional Casks</option>
<option value="mc.40%7esc.40%7eseries.Exceptional_Single_Cask">Exceptional Single Cask</option>
<option value="mc.40%7esc.40%7eseries.Experimental_Series">Experimental Series</option>
<option value="mc.40%7esc.40%7eseries.Family_Casks">Family Casks</option>
<option value="mc.40%7esc.40%7eseries.Fighting_Fish">Fighting Fish</option>
<option value="mc.40%7esc.40%7eseries.Fine_%24_Rare">Fine &amp; Rare</option>
<option value="mc.40%7esc.40%7eseries.Fine_Oak">Fine Oak</option>
<option value="mc.40%7esc.40%7eseries.Finest_Collection">Finest Collection</option>
<option value="mc.40%7esc.40%7eseries.First_Cask">First Cask</option>
<option value="mc.40%7esc.40%7eseries.First_Editions">First Editions</option>
<option value="mc.40%7esc.40%7eseries.Flora_%24_Fauna">Flora &amp; Fauna</option>
<option value="mc.40%7esc.40%7eseries.Fortuna_Merita">Fortuna Merita</option>
<option value="mc.40%7esc.40%7eseries.Four_Daughters">Four Daughters</option>
<option value="mc.40%7esc.40%7eseries.Four_Styles">Four Styles</option>
<option value="mc.40%7esc.40%7eseries.Fragments_of_Scotland">Fragments of Scotland</option>
<option value="mc.40%7esc.40%7eseries.Gran_Reserva">Gran Reserva</option>
<option value="mc.40%7esc.40%7eseries.Great_Ocean_Liners">Great Ocean Liners</option>
<option value="mc.40%7esc.40%7eseries.Heritage_Collection">Heritage Collection</option>
<option value="mc.40%7esc.40%7eseries.Hidden_Casks_Collection">Hidden Casks Collection</option>
<option value="mc.40%7esc.40%7eseries.Infrequent_Flyers">Infrequent Flyers</option>
<option value="mc.40%7esc.40%7eseries.Island_Collection">Island Collection</option>
<option value="mc.40%7esc.40%7eseries.Jewels_Of_Scotland">Jewels Of Scotland</option>
<option value="mc.40%7esc.40%7eseries.Kreuzritter">Kreuzritter</option>
<option value="mc.40%7esc.40%7eseries.Legacy">Legacy</option>
<option value="mc.40%7esc.40%7eseries.Lost_Drams_Collection">Lost Drams Collection</option>
<option value="mc.40%7esc.40%7eseries.Machrie_Moor">Machrie Moor</option>
<option value="mc.40%7esc.40%7eseries.Mackillop%60s_Choice">Mackillop&#39;s Choice</option>
<option value="mc.40%7esc.40%7eseries.MacPhail%60s_Collection">MacPhail&#39;s Collection</option>
<option value="mc.40%7esc.40%7eseries.Managers%60_Choice">Managers&#39; Choice</option>
<option value="mc.40%7esc.40%7eseries.Manager%60s_Dram">Manager&#39;s Dram</option>
<option value="mc.40%7esc.40%7eseries.Master_Of_Distilling">Master Of Distilling</option>
<option value="mc.40%7esc.40%7eseries.Master_Of_Magic">Master Of Magic</option>
<option value="mc.40%7esc.40%7eseries.Masters_of_Photography">Masters of Photography</option>
<option value="mc.40%7esc.40%7eseries.Millennium">Millennium</option>
<option value="mc.40%7esc.40%7eseries.Mission">Mission</option>
<option value="mc.40%7esc.40%7eseries.Myths_and_Legends">Myths and Legends</option>
<option value="mc.40%7esc.40%7eseries.Natural_Malt_Selection">Natural Malt Selection</option>
<option value="mc.40%7esc.40%7eseries.Nectar_of_the_Daily_Drams">Nectar of the Daily Drams</option>
<option value="mc.40%7esc.40%7eseries.Old_%24_Rare">Old &amp; Rare</option>
<option value="mc.40%7esc.40%7eseries.Old_Malt_Cask">Old Malt Cask</option>
<option value="mc.40%7esc.40%7eseries.Old_Particular">Old Particular</option>
<option value="mc.40%7esc.40%7eseries.Old_Particular_Spiritualist">Old Particular Spiritualist</option>
<option value="mc.40%7esc.40%7eseries.Old_Train_Line">Old Train Line</option>
<option value="mc.40%7esc.40%7eseries.Peerless">Peerless</option>
<option value="mc.40%7esc.40%7eseries.Peter_Arkle">Peter Arkle</option>
<option value="mc.40%7esc.40%7eseries.Platinum_Selection">Platinum Selection</option>
<option value="mc.40%7esc.40%7eseries.Private_Collection">Private Collection</option>
<option value="mc.40%7esc.40%7eseries.Private_Collection_Ultra">Private Collection Ultra</option>
<option value="mc.40%7esc.40%7eseries.Private_Edition">Private Edition</option>
<option value="mc.40%7esc.40%7eseries.Private_Vintage">Private Vintage</option>
<option value="mc.40%7esc.40%7eseries.Provenance">Provenance</option>
<option value="mc.40%7esc.40%7eseries.Quest_Collection">Quest Collection</option>
<option value="mc.40%7esc.40%7eseries.Rare_%24_Prestigious">Rare &amp; Prestigious</option>
<option value="mc.40%7esc.40%7eseries.Rare_%24_Prestigious_Collection">Rare &amp; Prestigious Collection</option>
<option value="mc.40%7esc.40%7eseries.Rare_Auld">Rare Auld</option>
<option value="mc.40%7esc.40%7eseries.Rare_Cask">Rare Cask</option>
<option value="mc.40%7esc.40%7eseries.Rare_Cask_Releases">Rare Cask Releases</option>
<option value="mc.40%7esc.40%7eseries.Rare_Collection">Rare Collection</option>
<option value="mc.40%7esc.40%7eseries.Rare_Malts">Rare Malts</option>
<option value="mc.40%7esc.40%7eseries.Rare_Old">Rare Old</option>
<option value="mc.40%7esc.40%7eseries.Rare_Reserve">Rare Reserve</option>
<option value="mc.40%7esc.40%7eseries.Rare_Vintage">Rare Vintage</option>
<option value="mc.40%7esc.40%7eseries.Rarest_of_the_Rare">Rarest of the Rare</option>
<option value="mc.40%7esc.40%7eseries.Raw_Cask">Raw Cask</option>
<option value="mc.40%7esc.40%7eseries.Replica">Replica</option>
<option value="mc.40%7esc.40%7eseries.Reserve_Collection">Reserve Collection</option>
<option value="mc.40%7esc.40%7eseries.Scottish_Castle_Collection">Scottish Castle Collection</option>
<option value="mc.40%7esc.40%7eseries.Scottish_Classic">Scottish Classic</option>
<option value="mc.40%7esc.40%7eseries.Scottish_Wildlife">Scottish Wildlife</option>
<option value="mc.40%7esc.40%7eseries.Secret_Speyside">Secret Speyside</option>
<option value="mc.40%7esc.40%7eseries.Secret_Stills">Secret Stills</option>
<option value="mc.40%7esc.40%7eseries.Signatory_30th_Anniversary">Signatory 30th Anniversary</option>
<option value="mc.40%7esc.40%7eseries.Silent_Stills">Silent Stills</option>
<option value="mc.40%7esc.40%7eseries.Single_Malts_of_Scotland">Single Malts of Scotland</option>
<option value="mc.40%7esc.40%7eseries.SMWS">SMWS</option>
<option value="mc.40%7esc.40%7eseries.Soleo_Collection">Soleo Collection</option>
<option value="mc.40%7esc.40%7eseries.Special_Releases">Special Releases</option>
<option value="mc.40%7esc.40%7eseries.Spirit_of_Scotland">Spirit of Scotland</option>
<option value="mc.40%7esc.40%7eseries.Stillman%60s_Dram">Stillman&#39;s Dram</option>
<option value="mc.40%7esc.40%7eseries.Stories">Stories</option>
<option value="mc.40%7esc.40%7eseries.Straight_From_The_Cask">Straight From The Cask</option>
<option value="mc.40%7esc.40%7eseries.The_Birds">The Birds</option>
<option value="mc.40%7esc.40%7eseries.The_Costumes">The Costumes</option>
<option value="mc.40%7esc.40%7eseries.The_Dragon">The Dragon</option>
<option value="mc.40%7esc.40%7eseries.The_Family_Casks">The Family Casks</option>
<option value="mc.40%7esc.40%7eseries.The_Game_of_Thrones_Collection">The Game of Thrones Collection</option>
<option value="mc.40%7esc.40%7eseries.The_Historic_Reserve">The Historic Reserve</option>
<option value="mc.40%7esc.40%7eseries.The_Kinship">The Kinship</option>
<option value="mc.40%7esc.40%7eseries.The_Legacy">The Legacy</option>
<option value="mc.40%7esc.40%7eseries.The_Merchant%60s_Collection">The Merchant&#39;s Collection</option>
<option value="mc.40%7esc.40%7eseries.The_Peaty_DNA_Collection">The Peaty DNA Collection</option>
<option value="mc.40%7esc.40%7eseries.The_Spectator_180th_Anniversary">The Spectator 180th Anniversary</option>
<option value="mc.40%7esc.40%7eseries.The_Tony_Koehl_Series">The Tony Koehl Series</option>
<option value="mc.40%7esc.40%7eseries.The_Whisky_Trail">The Whisky Trail</option>
<option value="mc.40%7esc.40%7eseries.The_Young_Masters_Edition">The Young Masters Edition</option>
<option value="mc.40%7esc.40%7eseries.Tide">Tide</option>
<option value="mc.40%7esc.40%7eseries.Travel">Travel</option>
<option value="mc.40%7esc.40%7eseries.TWE_Exclusive">TWE Exclusive</option>
<option value="mc.40%7esc.40%7eseries.TWE_exclusive">TWE exclusive</option>
<option value="mc.40%7esc.40%7eseries.Un-Chillfiltered_Collection">Un-Chillfiltered Collection</option>
<option value="mc.40%7esc.40%7eseries.Valhalla_Collection">Valhalla Collection</option>
<option value="mc.40%7esc.40%7eseries.Viking_Legend">Viking Legend</option>
<option value="mc.40%7esc.40%7eseries.Vintage_Casks">Vintage Casks</option>
<option value="mc.40%7esc.40%7eseries.Vintage_Collection">Vintage Collection</option>
<option value="mc.40%7esc.40%7eseries.Vintner%60s_Trilogy">Vintner&#39;s Trilogy</option>
<option value="mc.40%7esc.40%7eseries.Voyage_dans_I%60Amerigue_Meridionale">Voyage dans I&#39;Amerigue Meridionale</option>
<option value="mc.40%7esc.40%7eseries.Warehouse_6_Collection">Warehouse 6 Collection</option>
<option value="mc.40%7esc.40%7eseries.Warrior_Series">Warrior Series</option>
<option value="mc.40%7esc.40%7eseries.Whisky_is_Classical_Collection">Whisky is Classical Collection</option>
<option value="mc.40%7esc.40%7eseries.Whisky_of_Mass_Distinction">Whisky of Mass Distinction</option>
<option value="mc.40%7esc.40%7eseries.Whisky_Trail">Whisky Trail</option>
<option value="mc.40%7esc.40%7eseries.Xtra_Old_Particular">Xtra Old Particular</option>
</select>
</li><li id="cphcontent_listrength" class="filter">
<label class="filter-label">Strength</label>
<select class="filter-input" onchange="command('plist',this.options[this.selectedIndex].value)">
<option value="mc.40%7esc.40%7eabv.null">All</option>
<option value="mc.40%7esc.40%7eabv.43">Up to 43%</option>
<option value="mc.40%7esc.40%7eabv.46">43% to 46%</option>
<option value="mc.40%7esc.40%7eabv.over">Over 46%</option>
</select>
</li><li id="cphcontent_lisize" class="filter">
 <label class="filter-label">Size</label>
<select class="filter-input" onchange="command('plist',this.options[this.selectedIndex].value)">
<option value="mc.40%7esc.40%7esize.null">All</option>
<option value="mc.40%7esc.40%7esize.50">Small Bottles</option>
<option value="mc.40%7esc.40%7esize.76">Standard Bottles</option>
<option value="mc.40%7esc.40%7esize.large">Large Bottles</option>
</select>
</li>
</ul>
<div class="clear"></div>
</div>
<a class="filter-button" href="javascript:void(0)" id="showFilters">Show Filters</a>
</div>


<div class="wrapper sort-wrapper">
<div class="container sort-container">
<ul class="sort-type">
<li><a href="/c/40/single-malt-scotch-whisky?pg=1#productlist-filter" class="active" title="All Bottling">All <span></span>(2671)</a></li>
<li><a href="/c/40/single-malt-scotch-whisky?pg=1&amp;status=no#productlist-filter" class="" title="Standard Bottling">Standard <span></span>(1085)</a></li>
<li><a href="/c/40/single-malt-scotch-whisky?pg=1&amp;status=yes#productlist-filter" class="" title="Old &amp; Rare - Discontinued Bottling">Old &amp; Rare <span></span>(1586)</a></li>
</ul>
<div class="sort-view">
<a href="javascript:void(0)" onclick="cmdcnfg('view','grid','/c/40/single-malt-scotch-whisky?pg=1')" class="active"><i class="fa fa-th-large fa-lg fa-fw"></i>Grid</a>
<a href="javascript:void(0)" onclick="cmdcnfg('view','list','/c/40/single-malt-scotch-whisky?pg=1')" class=""><i class="fa fa-align-justify fa-lg fa-fw"></i>List</a>
</div>
<div class="sort-order">
<a href="javascript:void(0)" onclick="cmdcnfg('sort','pdesc','/c/40/single-malt-scotch-whisky?pg=1')" class="active">Price <i class="fa fa-caret-up fa-lg"></i></a>
<a href="javascript:void(0)" onclick="cmdcnfg('sort','nasc','/c/40/single-malt-scotch-whisky?pg=1')" class="">Name </a>
<a href="javascript:void(0)" onclick="cmdcnfg('sort','ldesc','/c/40/single-malt-scotch-whisky?pg=1')" class="">Latest </a>
</div>
<div class="clear"></div>
</div>
</div>


<div class="products-wrapper">
<div class="products-grid">
<div class="group group-list">
<div class="item">
<a href="/p/37705/bladnoch-samsara" class="product" title="Bladnoch Samsara" onclick="_gaq.push(['_trackEvent', 'Products-CategoryPage-GridView', 'click', '37705 : Bladnoch Samsara'])">
<div class="image-container">
<img src="https://img.thewhiskyexchange.com/ph.png" data-original="https://img.thewhiskyexchange.com/270/bdnob.non9.jpg" alt="Bladnoch Samsara" class="lazy image" />
</div>
<div class="information">
<div class="name">Bladnoch Samsara</div>
<span class="meta">70cl / 46.6%</span>
</div>
<span class="price">£74.95</span>
<span class="price-meta">(£107.07 per litre)</span>
</a>
</div>
<div class="item">
<a href="/p/42379/glenmorangie-spios-private-edition-9" class="product" title=" Glenmorangie Spios Private Edition 9" onclick="_gaq.push(['_trackEvent', 'Products-CategoryPage-GridView', 'click', '42379 : Glenmorangie Spios / Private Edition 9'])">
<div class="image-container">
<img src="https://img.thewhiskyexchange.com/ph.png" data-original="https://img.thewhiskyexchange.com/270/gmgob.non48.jpg" alt=" Glenmorangie SpiosPrivate Edition 9" class="lazy image" />
</div>
<div class="information">
<div class="name"> Glenmorangie Spios<span>Private Edition 9</span></div>
<span class="meta">70cl / 46%</span>
</div>
<span class="price">£74.95</span>
<span class="price-meta">(£107.07 per litre)</span>
</a>
</div>
<div class="item">
<a href="/p/43717/strathmill-2004-13-year-old-connoisseurs-choice" class="product" title=" Strathmill 2004 13 Year Old Connoisseurs Choice" onclick="_gaq.push(['_trackEvent', 'Products-CategoryPage-GridView', 'click', '43717 : Strathmill 2004 / 13 Year Old / Connoisseurs Choice'])">
<div class="image-container">
<img src="https://img.thewhiskyexchange.com/ph.png" data-original="https://img.thewhiskyexchange.com/270/strcc.2004v1.jpg" alt=" Strathmill 200413 Year Old Connoisseurs Choice" class="lazy image" />
</div>
<div class="information">
<div class="name"> Strathmill 2004<span>13 Year Old Connoisseurs Choice</span></div>
<span class="meta">70cl / 46%</span>
</div>
<span class="price">£74.95</span>
<span class="price-meta">(£107.07 per litre)</span>
</a>
</div>
<div class="item">
<a href="/p/46583/balblair-2005-bot2018" class="product" title=" Balblair 2005 Bot.2018" onclick="_gaq.push(['_trackEvent', 'Products-CategoryPage-GridView', 'click', '46583 : Balblair 2005 / Bot.2018'])">
<div class="image-container">
<img src="https://img.thewhiskyexchange.com/ph.png" data-original="https://img.thewhiskyexchange.com/270/blbob.2005v3.jpg" alt=" Balblair 2005Bot.2018" class="lazy image" />
</div>
<div class="information">
<div class="name"> Balblair 2005<span>Bot.2018</span></div>
<span class="meta">70cl / 46%</span>
</div>
<span class="price">£74.95</span>
<span class="price-meta">(£107.07 per litre)</span>
</a>
</div>
<div class="item">
<a href="/p/47802/deanston-18-year-old-bourbon-matured" class="product" title=" Deanston 18 Year Old Bourbon Matured" onclick="_gaq.push(['_trackEvent', 'Products-CategoryPage-GridView', 'click', '47802 : Deanston 18 Year Old / Bourbon Matured'])">
<div class="image-container">
<img src="https://img.thewhiskyexchange.com/ph.png" data-original="https://img.thewhiskyexchange.com/270/dstob.18yov3.jpg" alt=" Deanston 18 Year OldBourbon Matured" class="lazy image" />
</div>
<div class="information">
<div class="name"> Deanston 18 Year Old<span>Bourbon Matured</span></div>
<span class="meta">70cl / 46.3%</span>
</div>
<span class="price">£74.95</span>

<span class="price-meta">(£107.07 per litre)</span>
</a>
</div>
<div class="item">
<a href="/p/49219/aultmore-2005-13-year-old-connoisseurs-choice" class="product" title=" Aultmore 2005 13 Year Old Connoisseurs Choice" onclick="_gaq.push(['_trackEvent', 'Products-CategoryPage-GridView', 'click', '49219 : Aultmore 2005 / 13 Year Old / Connoisseurs Choice'])">
<div class="image-container">
<img src="https://img.thewhiskyexchange.com/ph.png" data-original="https://img.thewhiskyexchange.com/270/aulcc.2005v1.jpg" alt=" Aultmore 200513 Year Old Connoisseurs Choice" class="lazy image" />
</div>
<div class="information">
<div class="name"> Aultmore 2005<span>13 Year Old Connoisseurs Choice</span></div>
<span class="meta">70cl / 55.5%</span>
</div>
<span class="price">£74.95</span>
<span class="price-meta">(£107.07 per litre)</span>
</a>
</div>
<div class="item">
<a href="/p/49860/glen-elgin-2008-10-year-old-vintage-casks-19-mossburn" class="product" title=" Glen Elgin 2008 10 Year Old Vintage Casks #19 Mossburn" onclick="_gaq.push(['_trackEvent', 'Products-CategoryPage-GridView', 'click', '49860 : Glen Elgin 2008 / 10 Year Old / Vintage Casks #19 / Mossburn'])">
<div class="image-container">
<img src="https://img.thewhiskyexchange.com/ph.png" data-original="https://img.thewhiskyexchange.com/270/gegmbn2008.jpg" alt=" Glen Elgin 200810 Year Old Vintage Casks #19 Mossburn" class="lazy image" />
</div>
<div class="information">
<div class="name"> Glen Elgin 2008<span>10 Year Old Vintage Casks #19 Mossburn</span></div>
<span class="meta">70cl / 59%</span>
</div>
<span class="price">£74.95</span>
<span class="price-meta">(£107.07 per litre)</span>
</a>
</div>
<div class="item">
<a href="/p/50010/arran-12-year-old-the-man-with-the-golden-glass" class="product" title=" Arran 12 Year Old The Man with the Golden Glass" onclick="_gaq.push(['_trackEvent', 'Products-CategoryPage-GridView', 'click', '50010 : Arran 12 Year Old / The Man with the Golden Glass'])">
<div class="image-container">
<img src="https://img.thewhiskyexchange.com/ph.png" data-original="https://img.thewhiskyexchange.com/270/arrob.12yov7.jpg" alt=" Arran 12 Year OldThe Man with the Golden Glass" class="lazy image" />
</div>
<div class="information">
<div class="name"> Arran 12 Year Old<span>The Man with the Golden Glass</span></div>
<span class="meta">70cl / 51.8%</span>
</div>
<span class="price">£74.95</span>
<span class="price-meta">(£107.07 per litre)</span>
</a>
</div>
<div class="item">
<a href="/p/50231/glen-moray-2008-bot2019-the-whisky-exchange-exclusive" class="product" title=" Glen Moray 2008 Bot.2019 The Whisky Exchange Exclusive" onclick="_gaq.push(['_trackEvent', 'Products-CategoryPage-GridView', 'click', '50231 : Glen Moray 2008 / Bot.2019 / The Whisky Exchange Exclusive'])">
<div class="image-container">
<img src="https://img.thewhiskyexchange.com/ph.png" data-original="https://img.thewhiskyexchange.com/270/gmyob.2008.jpg" alt=" Glen Moray 2008Bot.2019 The Whisky Exchange Exclusive" class="lazy image" />
</div>
<div class="information">
<div class="name"> Glen Moray 2008<span>Bot.2019 The Whisky Exchange Exclusive</span></div>
<span class="meta">70cl / 52.8%</span>
</div>
<span class="price">£74.95</span>
<span class="price-meta">(£107.07 per litre)</span>
</a>
</div>
<div class="item">
<a href="/p/50258/aultmore-2005-13-year-old-connoisseurs-choice" class="product" title=" Aultmore 2005 13 Year Old Connoisseurs Choice" onclick="_gaq.push(['_trackEvent', 'Products-CategoryPage-GridView', 'click', '50258 : Aultmore 2005 / 13 Year Old / Connoisseurs Choice'])">
<div class="image-container">
<img src="https://img.thewhiskyexchange.com/ph.png" data-original="https://img.thewhiskyexchange.com/270/aulcc.2005v2.jpg" alt=" Aultmore 200513 Year Old Connoisseurs Choice" class="lazy image" />
</div>
<div class="information">
<div class="name"> Aultmore 2005<span>13 Year Old Connoisseurs Choice</span></div>
<span class="meta">70cl / 55.2%</span>
</div>
<span class="price">£74.95</span>
<span class="price-meta">(£107.07 per litre)</span>
</a>
</div>
<div class="item">
<a href="/p/50266/strathmill-2006-12-year-old-connoisseurs-choice" class="product" title=" Strathmill 2006 12 Year Old Connoisseurs Choice" onclick="_gaq.push(['_trackEvent', 'Products-CategoryPage-GridView', 'click', '50266 : Strathmill 2006 / 12 Year Old / Connoisseurs Choice'])">
<div class="image-container">
<img src="https://img.thewhiskyexchange.com/ph.png" data-original="https://img.thewhiskyexchange.com/270/strcc.2006.jpg" alt=" Strathmill 200612 Year Old Connoisseurs Choice" class="lazy image" />
</div>
<div class="information">
<div class="name"> Strathmill 2006<span>12 Year Old Connoisseurs Choice</span></div>
<span class="meta">70cl / 46%</span>
</div>
<span class="price">£74.95</span>
<span class="price-meta">(£107.07 per litre)</span>
</a>
</div>
<div class="item">
<a href="/p/50407/inchmoan-2007-12-year-old-exclusive-to-the-whisky-exchange" class="product" title=" Inchmoan 2007 12 Year Old Exclusive to The Whisky Exchange" onclick="_gaq.push(['_trackEvent', 'Products-CategoryPage-GridView', 'click', '50407 : Inchmoan 2007 / 12 Year Old / Exclusive to The Whisky Exchange'])">
<div class="image-container">
<img src="https://img.thewhiskyexchange.com/ph.png" data-original="https://img.thewhiskyexchange.com/270/icmob.2007.jpg" alt=" Inchmoan 200712 Year Old Exclusive to The Whisky Exchange" class="lazy image" />
</div>
<div class="information">
<div class="name"> Inchmoan 2007<span>12 Year Old Exclusive to The Whisky Exchange</span></div>
<span class="meta">70cl / 54.9%</span>
</div>
<span class="price">£74.95</span>
<span class="price-meta">(£107.07 per litre)</span>
</a>
</div>
<div class="item">
<a href="/p/51988/oban-2005-distillers-edition" class="product" title=" Oban 2005 Distillers Edition" onclick="_gaq.push(['_trackEvent', 'Products-CategoryPage-GridView', 'click', '51988 : Oban 2005 / Distillers Edition'])">
<div class="image-container">
<div class="eng-flash">
<img src="/media/rtwe/assets/application/images/widgets/engraving-sm.png" alt="Available with Engraving" class="image">
</div>
<img src="https://img.thewhiskyexchange.com/ph.png" data-original="https://img.thewhiskyexchange.com/270/obnob.2005.jpg" alt=" Oban 2005Distillers Edition" class="lazy image" />
</div>
<div class="information">
<div class="name"> Oban 2005<span>Distillers Edition</span></div>
<span class="meta">70cl / 43%</span>
</div>
<span class="price">£74.95</span>
<span class="price-meta">(£107.07 per litre)</span>
</a>
</div>
<div class="item">
<a href="/p/55812/teaninich-2008-11-years-old-single-malts-of-scotland" class="product" title=" Teaninich 2008 11 Years Old Single Malts of Scotland" onclick="_gaq.push(['_trackEvent', 'Products-CategoryPage-GridView', 'click', '55812 : Teaninich 2008 / 11 Years Old / Single Malts of Scotland'])">
<div class="image-container">
<img src="https://img.thewhiskyexchange.com/ph.png" data-original="https://img.thewhiskyexchange.com/270/tnced.2008.jpg" alt=" Teaninich 200811 Years Old Single Malts of Scotland" class="lazy image" />
</div>
<div class="information">
<div class="name"> Teaninich 2008<span>11 Years Old Single Malts of Scotland</span></div>
<span class="meta">70cl / 60.4%</span>
</div>
<span class="price">£74.95</span>
<span class="price-meta">(£107.07 per litre)</span>
</a>
</div>
<div class="item">
<a href="/p/56316/kilchoman-100-islay-bot2020-10th-edition" class="product" title=" Kilchoman 100% Islay Bot.2020 10th Edition" onclick="_gaq.push(['_trackEvent', 'Products-CategoryPage-GridView', 'click', '56316 : Kilchoman 100% Islay / Bot.2020 / 10th Edition'])">
<div class="image-container">
<img src="https://img.thewhiskyexchange.com/ph.png" data-original="https://img.thewhiskyexchange.com/270/kilob.non36.jpg" alt=" Kilchoman 100% IslayBot.2020 10th Edition" class="lazy image" />
</div>
<div class="information">
<div class="name"> Kilchoman 100% Islay<span>Bot.2020 10th Edition</span></div>
<span class="meta">70cl / 50%</span>
</div>
<span class="price">£74.95</span>
<span class="price-meta">(£107.07 per litre)</span>
</a>
</div>
<div class="item">
<a href="/p/56762/ledaig-2008-11-year-old-high-spirits" class="product" title=" Ledaig 2008 11 Year Old High Spirits" onclick="_gaq.push(['_trackEvent', 'Products-CategoryPage-GridView', 'click', '56762 : Ledaig 2008 / 11 Year Old / High Spirits'])">
<div class="image-container">
<img src="https://img.thewhiskyexchange.com/ph.png" data-original="https://img.thewhiskyexchange.com/270/ldghsc2008.jpg" alt=" Ledaig 200811 Year Old High Spirits" class="lazy image" />
</div>
<div class="information">
<div class="name"> Ledaig 2008<span>11 Year Old High Spirits</span></div>
<span class="meta">70cl / 46%</span>
</div>
<span class="price">£74.95</span>
<span class="price-meta">(£107.07 per litre)</span>
</a>
</div>
<div class="item">
<a href="/p/57316/caol-ila-2008-12-year-old-the-whisky-exchange" class="product" title=" Caol Ila 2008 12 Year Old The Whisky Exchange" onclick="_gaq.push(['_trackEvent', 'Products-CategoryPage-GridView', 'click', '57316 : Caol Ila 2008 / 12 Year Old / The Whisky Exchange'])">
<div class="image-container">
<img src="https://img.thewhiskyexchange.com/ph.png" data-original="https://img.thewhiskyexchange.com/270/ciltwe2008.jpg" alt=" Caol Ila 200812 Year Old The Whisky Exchange" class="lazy image" />
</div>
<div class="information">
<div class="name"> Caol Ila 2008<span>12 Year Old The Whisky Exchange</span></div>
<span class="meta">70cl / 58.5%</span>
</div>
<span class="price">£74.95</span>
<span class="price-meta">(£107.07 per litre)</span>
</a>
</div>
<div class="item">
<a href="/p/57325/glenmorangie-12-year-old-malaga-cask-finish" class="product" title=" Glenmorangie 12 Year Old Malaga Cask Finish" onclick="_gaq.push(['_trackEvent', 'Products-CategoryPage-GridView', 'click', '57325 : Glenmorangie 12 Year Old / Malaga Cask Finish'])">
<div class="image-container">
<img src="https://img.thewhiskyexchange.com/ph.png" data-original="https://img.thewhiskyexchange.com/270/gmgob.12yov16.jpg" alt=" Glenmorangie 12 Year OldMalaga Cask Finish" class="lazy image" />
</div>
<div class="information">
<div class="name"> Glenmorangie 12 Year Old<span>Malaga Cask Finish</span></div>
<span class="meta">70cl / 47.3%</span>
</div>
<span class="price">£74.95</span>
<span class="price-meta">(£107.07 per litre)</span>
</a>
</div>
<div class="item">
<a href="/p/57418/orkney-2006-14-year-old-watt-whisky" class="product" title=" Orkney 2006 14 Year Old Watt Whisky" onclick="_gaq.push(['_trackEvent', 'Products-CategoryPage-GridView', 'click', '57418 : Orkney 2006 / 14 Year Old /  Watt Whisky'])">
<div class="image-container">
<img src="https://img.thewhiskyexchange.com/ph.png" data-original="https://img.thewhiskyexchange.com/270/hlpww.2006.jpg" alt=" Orkney 200614 Year Old Watt Whisky" class="lazy image" />
</div>
<div class="information">
<div class="name"> Orkney 2006<span>14 Year Old Watt Whisky</span></div>
<span class="meta">70cl / 60.9%</span>
</div>
<span class="price">£74.95</span>
<span class="price-meta">(£107.07 per litre)</span>
</a>
</div>
<div class="item">
<a href="/p/27335/ancnoc-18-year-old" class="product" title="AnCnoc 18 Year Old" onclick="_gaq.push(['_trackEvent', 'Products-CategoryPage-GridView', 'click', '27335 : AnCnoc 18 Year Old'])">
<div class="image-container">
<img src="https://img.thewhiskyexchange.com/ph.png" data-original="https://img.thewhiskyexchange.com/270/ancob.18yo.jpg" alt="AnCnoc 18 Year Old" class="lazy image" />
</div>
<div class="information">
<div class="name">AnCnoc 18 Year Old</div>
<span class="meta">70cl / 46%</span>
</div>
<span class="price">£75.95</span>
<span class="price-meta">(£108.50 per litre)</span>
</a>
</div>
<div class="item">
<a href="/p/52892/caol-ila-2007-11-year-old-signatory" class="product" title=" Caol Ila 2007 11 Year Old Signatory" onclick="_gaq.push(['_trackEvent', 'Products-CategoryPage-GridView', 'click', '52892 : Caol Ila 2007 / 11 Year Old / Signatory'])">
<div class="image-container">
<img src="https://img.thewhiskyexchange.com/ph.png" data-original="https://img.thewhiskyexchange.com/270/cilsig2007v4.jpg" alt=" Caol Ila 200711 Year Old Signatory" class="lazy image" />
</div>
<div class="information">
<div class="name"> Caol Ila 2007<span>11 Year Old Signatory</span></div>
<span class="meta">70cl / 54.6%</span>
</div>
<span class="price">£76.25</span>
<span class="price-meta">(£108.93 per litre)</span>
</a>
</div>
<div class="item">
<a href="/p/39816/glenmorangie-astar-2017-release" class="product" title=" Glenmorangie Astar 2017 Release" onclick="_gaq.push(['_trackEvent', 'Products-CategoryPage-GridView', 'click', '39816 : Glenmorangie Astar / 2017 Release'])">
<div class="image-container">
<img src="https://img.thewhiskyexchange.com/ph.png" data-original="https://img.thewhiskyexchange.com/270/gmgob.non44.jpg" alt=" Glenmorangie Astar2017 Release" class="lazy image" />
</div>
<div class="information">
<div class="name"> Glenmorangie Astar<span>2017 Release</span></div>
<span class="meta">70cl / 52.5%</span>
</div>
<span class="price">£76.95</span>
<span class="price-meta">(£109.93 per litre)</span>
</a>
</div>
<div class="item">
<a href="/p/41221/jura-18-year-old-bordeaux-cask" class="product" title=" Jura 18 Year Old Bordeaux Cask" onclick="_gaq.push(['_trackEvent', 'Products-CategoryPage-GridView', 'click', '41221 : Jura 18 Year Old / Bordeaux Cask'])">
<div class="image-container">
<img src="https://img.thewhiskyexchange.com/ph.png" data-original="https://img.thewhiskyexchange.com/270/iojob.18yov1.jpg" alt=" Jura 18 Year OldBordeaux Cask" class="lazy image" />
</div>
<div class="information">
<div class="name"> Jura 18 Year Old<span>Bordeaux Cask</span></div>
<span class="meta">70cl / 42%</span>
</div>
<span class="price">£76.95</span>
<span class="price-meta">(£109.93 per litre)</span>
</a>
</div>

<div class="item">
<a href="/p/57580/glen-moray-2006-14-year-old-sauternes-cask-warehouse-1-release" class="product" title=" Glen Moray 2006 14 Year Old Sauternes Cask Warehouse 1 Release" onclick="_gaq.push(['_trackEvent', 'Products-CategoryPage-GridView', 'click', '57580 : Glen Moray 2006 / 14 Year Old / Sauternes Cask / Warehouse 1 Release'])">
<div class="image-container">
<img src="https://img.thewhiskyexchange.com/ph.png" data-original="https://img.thewhiskyexchange.com/270/gmyob.2006.jpg" alt=" Glen Moray 200614 Year Old Sauternes Cask Warehouse 1 Release" class="lazy image" />
</div>
<div class="information">
<div class="name"> Glen Moray 2006<span>14 Year Old Sauternes Cask Warehouse 1 Release</span></div>
<span class="meta">70cl / 59.6%</span>
</div>
<span class="price">£76.95</span>
<span class="price-meta">(£109.93 per litre)</span>
</a>
</div>
<div class="item">
<a href="/p/47803/speyburn-18-year-old-anniversary-edition" class="product" title="Speyburn 18 Year Old Anniversary Edition" onclick="_gaq.push(['_trackEvent', 'Products-CategoryPage-GridView', 'click', '47803 : Speyburn 18 Year Old Anniversary Edition'])">
<div class="image-container">
<img src="https://img.thewhiskyexchange.com/ph.png" data-original="https://img.thewhiskyexchange.com/270/spbob.18yo.jpg" alt="Speyburn 18 Year Old Anniversary Edition" class="lazy image" />
</div>
<div class="information">
<div class="name">Speyburn 18 Year Old Anniversary Edition</div>
<span class="meta">70cl / 46%</span>
</div>
<span class="price">£77.95</span>
<span class="price-meta">(£111.36 per litre)</span>
</a>
</div>
<div class="item">
<a href="/p/50263/glenallachie-2005-13-year-old-connoisseurs-choice" class="product" title=" Glenallachie 2005 13 Year Old Connoisseurs Choice" onclick="_gaq.push(['_trackEvent', 'Products-CategoryPage-GridView', 'click', '50263 : Glenallachie 2005 / 13 Year Old / Connoisseurs Choice'])">
<div class="image-container">
<img src="https://img.thewhiskyexchange.com/ph.png" data-original="https://img.thewhiskyexchange.com/270/glecc.2005.jpg" alt=" Glenallachie 200513 Year Old Connoisseurs Choice" class="lazy image" />
</div>
<div class="information">
<div class="name"> Glenallachie 2005<span>13 Year Old Connoisseurs Choice</span></div>
<span class="meta">70cl / 60.4%</span>
</div>
<span class="price">£77.95</span>
<span class="price-meta">(£111.36 per litre)</span>
</a>
</div>
<div class="item">
<a href="/p/57336/craigellachie-2006-14-year-old-old-particular-intensity-spiritualist-series" class="product" title=" Craigellachie 2006 14 Year Old Old Particular Intensity Spiritualist Series" onclick="_gaq.push(['_trackEvent', 'Products-CategoryPage-GridView', 'click', '57336 : Craigellachie 2006 / 14 Year Old / Old Particular Intensity /Spiritualist Series'])">
<div class="image-container">
<img src="https://img.thewhiskyexchange.com/ph.png" data-original="https://img.thewhiskyexchange.com/270/crgop.2006v2.jpg" alt=" Craigellachie 200614 Year Old Old Particular Intensity Spiritualist Series" class="lazy image" />
</div>
<div class="information">
<div class="name"> Craigellachie 2006<span>14 Year Old Old Particular Intensity Spiritualist Series</span></div>
<span class="meta">70cl / 52%</span>
</div>
<span class="price">£77.95</span>
<span class="price-meta">(£111.36 per litre)</span>
</a>
</div>
<div class="item">
<a href="/p/4840/talisker-18-year-old" class="product" title="Talisker 18 Year Old" onclick="_gaq.push(['_trackEvent', 'Products-CategoryPage-GridView', 'click', '4840 : Talisker 18 Year Old'])">
<div class="image-container">
<div class="eng-flash">
<img src="/media/rtwe/assets/application/images/widgets/engraving-sm.png" alt="Available with Engraving" class="image">
</div>
<img src="https://img.thewhiskyexchange.com/ph.png" data-original="https://img.thewhiskyexchange.com/270/talob.18yo.jpg" alt="Talisker 18 Year Old" class="lazy image" />
</div>
<div class="information">
<div class="name">Talisker 18 Year Old</div>
<span class="meta">70cl / 45.8%</span>
</div>
<span class="price">£78.95</span>
<span class="price-meta">(£112.79 per litre)</span>
</a>
</div>
<div class="item">
<a href="/p/39996/wolfburn-batch-128" class="product" title="Wolfburn Batch 128" onclick="_gaq.push(['_trackEvent', 'Products-CategoryPage-GridView', 'click', '39996 : Wolfburn Batch 128'])">
<div class="image-container">
<img src="https://img.thewhiskyexchange.com/ph.png" data-original="https://img.thewhiskyexchange.com/270/wfbob.non5.jpg" alt="Wolfburn Batch 128" class="lazy image" />
</div>
<div class="information">
<div class="name">Wolfburn Batch 128</div>
<span class="meta">70cl / 46%</span>
</div>
<span class="price">£78.95</span>
<span class="price-meta">(£112.79 per litre)</span>
</a>
</div>
<div class="item">
<a href="/p/43900/wolfburn-batch-270" class="product" title="Wolfburn Batch 270" onclick="_gaq.push(['_trackEvent', 'Products-CategoryPage-GridView', 'click', '43900 : Wolfburn Batch 270'])">
<div class="image-container">
<img src="https://img.thewhiskyexchange.com/ph.png" data-original="https://img.thewhiskyexchange.com/270/wfbob.non7.jpg" alt="Wolfburn Batch 270" class="lazy image" />
</div>
<div class="information">
<div class="name">Wolfburn Batch 270</div>
<span class="meta">70cl / 46%</span>
</div>
<span class="price">£78.95</span>
<span class="price-meta">(£112.79 per litre)</span>
</a>
</div>
<div class="item">
<a href="/p/47975/glenmorangie-allta-private-edition-no10" class="product" title=" Glenmorangie Allta Private Edition No.10" onclick="_gaq.push(['_trackEvent', 'Products-CategoryPage-GridView', 'click', '47975 : Glenmorangie Allta / Private Edition No.10'])">
<div class="image-container">
<img src="https://img.thewhiskyexchange.com/ph.png" data-original="https://img.thewhiskyexchange.com/270/gmgob.non50.jpg" alt=" Glenmorangie AlltaPrivate Edition No.10" class="lazy image" />
</div>
<div class="information">
<div class="name"> Glenmorangie Allta<span>Private Edition No.10</span></div>
<span class="meta">70cl / 51.2%</span>
</div>
<span class="price">£78.95</span>
<span class="price-meta">(£112.79 per litre)</span>
</a>
</div>
<div class="item">
<a href="/p/48271/tamdhu-15-year-old-sherry-cask" class="product" title=" Tamdhu 15 Year Old Sherry Cask" onclick="_gaq.push(['_trackEvent', 'Products-CategoryPage-GridView', 'click', '48271 : Tamdhu 15 Year Old / Sherry Cask'])">
<div class="image-container">
<img src="https://img.thewhiskyexchange.com/ph.png" data-original="https://img.thewhiskyexchange.com/270/tamob.15yov1.jpg" alt=" Tamdhu 15 Year OldSherry Cask" class="lazy image" />
</div>
<div class="information">
<div class="name"> Tamdhu 15 Year Old<span>Sherry Cask</span></div>
<span class="meta">70cl / 46%</span>
</div>
<span class="price">£78.95</span>
<span class="price-meta">(£112.79 per litre)</span>
</a>
</div>
<div class="item">
<a href="/p/52906/edradour-2008-11-year-old-bourbon-cask" class="product" title=" Edradour 2008 11 Year Old Bourbon Cask" onclick="_gaq.push(['_trackEvent', 'Products-CategoryPage-GridView', 'click', '52906 : Edradour 2008 / 11 Year Old / Bourbon Cask'])">
<div class="image-container">
<img src="https://img.thewhiskyexchange.com/ph.png" data-original="https://img.thewhiskyexchange.com/270/edrob.2008v6.jpg" alt=" Edradour 200811 Year Old Bourbon Cask" class="lazy image" />
</div>
<div class="information">
<div class="name"> Edradour 2008<span>11 Year Old Bourbon Cask</span></div>
<span class="meta">70cl / 56.4%</span>
</div>
<span class="price">£78.95</span>
<span class="price-meta">(£112.79 per litre)</span>
</a>
</div>
<div class="item">
<a href="/p/4763/the-speyside-8-year-old" class="product" title="The Speyside 8 Year Old" onclick="_gaq.push(['_trackEvent', 'Products-CategoryPage-GridView', 'click', '4763 : The Speyside 8 Year Old'])">
<div class="image-container">
<img src="https://img.thewhiskyexchange.com/ph.png" data-original="https://img.thewhiskyexchange.com/270/spsob.08yo.jpg" alt="The Speyside 8 Year Old" class="lazy image" />
</div>
<div class="information">
<div class="name">The Speyside 8 Year Old</div>
<span class="meta">75cl / 43%</span>
</div>
<span class="price">£79.95</span>
<span class="price-meta">(£106.60 per litre)</span>
</a>
</div>
<div class="item">
 <a href="/p/5862/bowmore-18-year-old" class="product" title="Bowmore 18 Year Old" onclick="_gaq.push(['_trackEvent', 'Products-CategoryPage-GridView', 'click', '5862 : Bowmore 18 Year Old'])">
<div class="image-container">
<img src="https://img.thewhiskyexchange.com/ph.png" data-original="https://img.thewhiskyexchange.com/270/bowob.18yov1.jpg" alt="Bowmore 18 Year Old" class="lazy image" />
</div>
<div class="information">
<div class="name">Bowmore 18 Year Old</div>
<span class="meta">70cl / 43%</span>
</div>
<span class="price">£79.95</span>
<span class="price-meta">(£114.21 per litre)</span>
</a>
</div>
<div class="item">
<a href="/p/14470/bunnahabhain-cruach-mhona" class="product" title="Bunnahabhain Cruach-Mhona" onclick="_gaq.push(['_trackEvent', 'Products-CategoryPage-GridView', 'click', '14470 : Bunnahabhain Cruach-Mhona'])">
<div class="image-container">
<img src="https://img.thewhiskyexchange.com/ph.png" data-original="https://img.thewhiskyexchange.com/270/bunob.non3.jpg" alt="Bunnahabhain Cruach-Mhona" class="lazy image" />
</div>
<div class="information">
<div class="name">Bunnahabhain Cruach-Mhona</div>
<span class="meta">100cl / 50%</span>
</div>
<span class="price">£79.95</span>
</a>
</div>
<div class="item">
<a href="/p/21562/br5-elements-of-islay" class="product" title="Br5 - Elements of Islay" onclick="_gaq.push(['_trackEvent', 'Products-CategoryPage-GridView', 'click', '21562 : Br5 - Elements of Islay'])">
<div class="image-container">
<img src="https://img.thewhiskyexchange.com/ph.png" data-original="https://img.thewhiskyexchange.com/270/elem_br5.jpg" alt="Br5 - Elements of Islay" class="lazy image" />
</div>
<div class="information">
<div class="name">Br5 - Elements of Islay</div>
<span class="meta">50cl / 53.8%</span>
</div>
<span class="price">£79.95</span>
<span class="price-meta">(£159.90 per litre)</span>
</a>
</div>
<div class="item">
<a href="/p/28699/laphroaig-px-cask-litre" class="product" title=" Laphroaig PX Cask Litre" onclick="_gaq.push(['_trackEvent', 'Products-CategoryPage-GridView', 'click', '28699 : Laphroaig PX Cask / Litre'])">
<div class="image-container">
<img src="https://img.thewhiskyexchange.com/ph.png" data-original="https://img.thewhiskyexchange.com/270/lrgob.non12.jpg" alt=" Laphroaig PX CaskLitre" class="lazy image" />
</div>
<div class="information">
<div class="name"> Laphroaig PX Cask<span>Litre</span></div>
<span class="meta">100cl / 48%</span>
</div>
<span class="price">£79.95</span>
</a>
</div>
<div class="item">
<a href="/p/29084/lg6-elements-of-islay" class="product" title="Lg6 - Elements of Islay" onclick="_gaq.push(['_trackEvent', 'Products-CategoryPage-GridView', 'click', '29084 : Lg6 - Elements of Islay'])">
 <div class="image-container">
<img src="https://img.thewhiskyexchange.com/ph.png" data-original="https://img.thewhiskyexchange.com/270/elem_lg6.jpg" alt="Lg6 - Elements of Islay" class="lazy image" />
</div>
<div class="information">
<div class="name">Lg6 - Elements of Islay</div>
<span class="meta">50cl / 53.7%</span>
</div>
<span class="price">£79.95</span>
<span class="price-meta">(£159.90 per litre)</span>
</a>
</div>
<div class="item">
<a href="/p/30963/inchmurrin-18-year-old" class="product" title="Inchmurrin 18 Year Old" onclick="_gaq.push(['_trackEvent', 'Products-CategoryPage-GridView', 'click', '30963 : Inchmurrin 18 Year Old'])">
<div class="image-container">
<img src="https://img.thewhiskyexchange.com/ph.png" data-original="https://img.thewhiskyexchange.com/270/inmob.18yov1.jpg" alt="Inchmurrin 18 Year Old" class="lazy image" />
</div>
<div class="information">
<div class="name">Inchmurrin 18 Year Old</div>
<span class="meta">70cl / 46%</span>
</div>
<span class="price">£79.95</span>
<span class="price-meta">(£114.21 per litre)</span>
</a>
</div>
<div class="item">
<a href="/p/41322/aberlour-abunadh-batch-61" class="product" title=" Aberlour A'Bunadh Batch 61" onclick="_gaq.push(['_trackEvent', 'Products-CategoryPage-GridView', 'click', '41322 : Aberlour ABunadh / Batch 61'])">
<div class="image-container">
<img src="https://img.thewhiskyexchange.com/ph.png" data-original="https://img.thewhiskyexchange.com/270/ablob.non40.jpg" alt=" Aberlour A'BunadhBatch 61" class="lazy image" />
</div>
<div class="information">
<div class="name"> Aberlour A'Bunadh<span>Batch 61</span></div>
<span class="meta">70cl / 60.8%</span>
</div>
<span class="price">£79.95</span>
<span class="price-meta">(£114.21 per litre)</span>
</a>
</div>
<div class="item">
<a href="/p/43923/ledaig-10-year-old-valinch-mallet" class="product" title=" Ledaig 10 Year Old Valinch & Mallet" onclick="_gaq.push(['_trackEvent', 'Products-CategoryPage-GridView', 'click', '43923 : Ledaig 10 Year Old  / Valinch &amp; Mallet'])">
<div class="image-container">
<img src="https://img.thewhiskyexchange.com/ph.png" data-original="https://img.thewhiskyexchange.com/270/ldgval10yo.jpg" alt=" Ledaig 10 Year OldValinch & Mallet" class="lazy image" />
</div>
<div class="information">
<div class="name"> Ledaig 10 Year Old<span>Valinch & Mallet</span></div>
<span class="meta">70cl / 48.8%</span>
</div>
<span class="price">£79.95</span>
<span class="price-meta">(£114.21 per litre)</span>
</a>
</div>
<div class="item">
<a href="/p/45300/mortlach-16-year-old-distillers-dram" class="product" title=" Mortlach 16 Year Old Distiller's Dram" onclick="_gaq.push(['_trackEvent', 'Products-CategoryPage-GridView', 'click', '45300 : Mortlach 16 Year Old / Distillers Dram'])">
<div class="promo-flash flash-purple">
<div class="text">Save<br>£5</div>
</div>
<div class="image-container">
<div class="eng-flash">
<img src="/media/rtwe/assets/application/images/widgets/engraving-sm.png" alt="Available with Engraving" class="image">
</div>
<img src="https://img.thewhiskyexchange.com/ph.png" data-original="https://img.thewhiskyexchange.com/270/mtlob.16yo.jpg" alt=" Mortlach 16 Year OldDistiller's Dram" class="lazy image" />
</div>
<div class="information">
<div class="name"> Mortlach 16 Year Old<span>Distiller's Dram</span></div>
<span class="meta">70cl / 43.4%</span>
</div>
<span class="price">£74.95</span>
<span class="price-meta">(£107.07 per litre)</span>
</a>
</div>
<div class="item">
<a href="/p/50694/edradour-2009-10-year-old-sherry-cask" class="product" title=" Edradour 2009 10 Year Old Sherry Cask" onclick="_gaq.push(['_trackEvent', 'Products-CategoryPage-GridView', 'click', '50694 : Edradour 2009 / 10 Year Old / Sherry Cask'])">
<div class="image-container">
<img src="https://img.thewhiskyexchange.com/ph.png" data-original="https://img.thewhiskyexchange.com/270/edrob.2009.jpg" alt=" Edradour 200910 Year Old Sherry Cask" class="lazy image" />
</div>
<div class="information">
<div class="name"> Edradour 2009<span>10 Year Old Sherry Cask</span></div>
<span class="meta">50cl / 57.2%</span>
</div>
<span class="price">£79.95</span>
<span class="price-meta">(£159.90 per litre)</span>
</a>
</div>
<div class="item">
<a href="/p/50725/ledaig-18-year-old" class="product" title="Ledaig 18 Year Old" onclick="_gaq.push(['_trackEvent', 'Products-CategoryPage-GridView', 'click', '50725 : Ledaig 18 Year Old'])">
<div class="promo-flash flash-purple">
<div class="text">Save<br>£5</div>
</div>
<div class="image-container">
<img src="https://img.thewhiskyexchange.com/ph.png" data-original="https://img.thewhiskyexchange.com/270/ldgob.18yov3.jpg" alt="Ledaig 18 Year Old" class="lazy image" />
</div>
<div class="information">
<div class="name">Ledaig 18 Year Old</div>
<span class="meta">70cl / 46.3%</span>
</div>
<span class="price">£74.95</span>
<span class="price-meta">(£107.07 per litre)</span>
</a>
</div>
<div class="item">
<a href="/p/50894/ancnoc-peaty" class="product" title="AnCnoc Peaty" onclick="_gaq.push(['_trackEvent', 'Products-CategoryPage-GridView', 'click', '50894 : AnCnoc Peaty'])">
<div class="image-container">
<img src="https://img.thewhiskyexchange.com/ph.png" data-original="https://img.thewhiskyexchange.com/270/ancob.non11.jpg" alt="AnCnoc Peaty" class="lazy image" />
</div>
<div class="information">
<div class="name">AnCnoc Peaty</div>
 <span class="meta">70cl / 46%</span>
</div>
<span class="price">£79.95</span>
<span class="price-meta">(£114.21 per litre)</span>
</a>
</div>
<div class="item">
<a href="/p/51102/deanston-2008-11-year-old-sherry-cask-signatory-for-twe" class="product" title=" Deanston 2008 11 Year Old Sherry Cask Signatory for TWE" onclick="_gaq.push(['_trackEvent', 'Products-CategoryPage-GridView', 'click', '51102 : Deanston 2008 / 11 Year Old / Sherry Cask / Signatory for TWE'])">
<div class="image-container">
<img src="https://img.thewhiskyexchange.com/ph.png" data-original="https://img.thewhiskyexchange.com/270/dstsig2008v1.jpg" alt=" Deanston 200811 Year Old Sherry Cask Signatory for TWE" class="lazy image" />
</div>
<div class="information">
<div class="name"> Deanston 2008<span>11 Year Old Sherry Cask Signatory for TWE</span></div>
<span class="meta">70cl / 66.6%</span>
</div>
<span class="price">£79.95</span>
<span class="price-meta">(£114.21 per litre)</span>
</a>
</div>
<div class="item">
<a href="/p/51317/teaninich-2007-11-year-old-berry-bros-rudd" class="product" title=" Teaninich 2007 11 Year Old Berry Bros & Rudd" onclick="_gaq.push(['_trackEvent', 'Products-CategoryPage-GridView', 'click', '51317 : Teaninich 2007 / 11 Year Old / Berry Bros &amp; Rudd'])">
<div class="image-container">
<img src="https://img.thewhiskyexchange.com/ph.png" data-original="https://img.thewhiskyexchange.com/270/tncbbr2007.jpg" alt=" Teaninich 200711 Year Old Berry Bros & Rudd" class="lazy image" />
</div>
<div class="information">
<div class="name"> Teaninich 2007<span>11 Year Old Berry Bros & Rudd</span></div>
<span class="meta">70cl / 56.9%</span>
</div>
<span class="price">£79.95</span>
<span class="price-meta">(£114.21 per litre)</span>
</a>
</div>
<div class="item">
<a href="/p/51632/aberlour-abunadh-batch-63" class="product" title=" Aberlour A'Bunadh Batch 63" onclick="_gaq.push(['_trackEvent', 'Products-CategoryPage-GridView', 'click', '51632 : Aberlour ABunadh / Batch 63'])">
<div class="image-container">
<img src="https://img.thewhiskyexchange.com/ph.png" data-original="https://img.thewhiskyexchange.com/270/ablob.non44.jpg" alt=" Aberlour A'BunadhBatch 63" class="lazy image" />
</div>
<div class="information">
<div class="name"> Aberlour A'Bunadh<span>Batch 63</span></div>
<span class="meta">70cl / 61%</span>
</div>
<span class="price">£79.95</span>
<span class="price-meta">(£114.21 per litre)</span>
</a>
</div>
<div class="item">
<a href="/p/51772/laphroaig-lore-2-glass-pack" class="product" title=" Laphroaig Lore 2 Glass Pack" onclick="_gaq.push(['_trackEvent', 'Products-CategoryPage-GridView', 'click', '51772 : Laphroaig Lore / 2 Glass Pack'])">
<div class="image-container">
<img src="https://img.thewhiskyexchange.com/ph.png" data-original="https://img.thewhiskyexchange.com/270/lrgob.non23.jpg" alt=" Laphroaig Lore2 Glass Pack" class="lazy image" />
</div>
<div class="information">
<div class="name"> Laphroaig Lore<span>2 Glass Pack</span></div>
<span class="meta">70cl / 48%</span>
</div>
<span class="price">£79.95</span>
<span class="price-meta">(£114.21 per litre)</span>
</a>
</div>
<div class="item">
<a href="/p/51937/macallan-2005-bot2019-speymalt" class="product" title=" Macallan 2005 Bot.2019 Speymalt" onclick="_gaq.push(['_trackEvent', 'Products-CategoryPage-GridView', 'click', '51937 : Macallan 2005 / Bot.2019 / Speymalt'])">
<div class="image-container">
<img src="https://img.thewhiskyexchange.com/ph.png" data-original="https://img.thewhiskyexchange.com/270/macg!m2005v1.jpg" alt=" Macallan 2005Bot.2019 Speymalt" class="lazy image" />
</div>
<div class="information">
<div class="name"> Macallan 2005<span>Bot.2019 Speymalt</span></div>
<span class="meta">70cl / 43%</span>
</div>
<span class="price">£79.95</span>
<span class="price-meta">(£114.21 per litre)</span>
</a>
</div>
<div class="item">
<a href="/p/55500/tomatin-2006-12-year-old-single-cask-nation" class="product" title=" Tomatin 2006 12 Year Old Single Cask Nation" onclick="_gaq.push(['_trackEvent', 'Products-CategoryPage-GridView', 'click', '55500 : Tomatin 2006 / 12 Year Old / Single Cask Nation'])">
<div class="image-container">
<img src="https://img.thewhiskyexchange.com/ph.png" data-original="https://img.thewhiskyexchange.com/270/tomscn2006.jpg" alt=" Tomatin 200612 Year Old Single Cask Nation" class="lazy image" />
</div>
<div class="information">
<div class="name"> Tomatin 2006<span>12 Year Old Single Cask Nation</span></div>
<span class="meta">70cl / 58.1%</span>
</div>
<span class="price">£79.95</span>
<span class="price-meta">(£114.21 per litre)</span>
</a>
</div>
<div class="item">
<a href="/p/56490/strathisla-2006-13-year-old-sherry-cask-distillery-edition" class="product" title=" Strathisla 2006 13 Year Old Sherry Cask Distillery Edition" onclick="_gaq.push(['_trackEvent', 'Products-CategoryPage-GridView', 'click', '56490 : Strathisla 2006 / 13 Year Old / Sherry Cask / Distillery Edition'])">
<div class="image-container">
<img src="https://img.thewhiskyexchange.com/ph.png" data-original="https://img.thewhiskyexchange.com/270/stlob.13yo.jpg" alt=" Strathisla 200613 Year Old Sherry Cask Distillery Edition" class="lazy image" />
</div>
<div class="information">
<div class="name"> Strathisla 2006<span>13 Year Old Sherry Cask Distillery Edition</span></div>
<span class="meta">50cl / 58.4%</span>
</div>
<span class="price">£79.95</span>
<span class="price-meta">(£159.90 per litre)</span>
</a>
</div>
<div class="item">
<a href="/p/56495/tormore-2003-16-year-old-distillery-edition" class="product" title=" Tormore 2003 16 Year Old Distillery Edition" onclick="_gaq.push(['_trackEvent', 'Products-CategoryPage-GridView', 'click', '56495 : Tormore 2003 / 16 Year Old / Distillery Edition'])">
<div class="image-container">
<img src="https://img.thewhiskyexchange.com/ph.png" data-original="https://img.thewhiskyexchange.com/270/torob.16yov1.jpg" alt=" Tormore 200316 Year Old Distillery Edition" class="lazy image" />
</div>
<div class="information">
<div class="name"> Tormore 2003<span>16 Year Old Distillery Edition</span></div>
<span class="meta">50cl / 56.9%</span>
</div>
<span class="price">£79.95</span>
<span class="price-meta">(£159.90 per litre)</span>
</a>
</div>
<div class="item">
<a href="/p/56498/glentauchers-2007-12-year-old-sherry-cask-distillery-edition" class="product" title=" Glentauchers 2007 12 Year Old Sherry Cask Distillery Edition" onclick="_gaq.push(['_trackEvent', 'Products-CategoryPage-GridView', 'click', '56498 : Glentauchers 2007 / 12 Year Old / Sherry Cask / Distillery Edition'])">
<div class="image-container">
<img src="https://img.thewhiskyexchange.com/ph.png" data-original="https://img.thewhiskyexchange.com/270/gtaob.12yov1.jpg" alt=" Glentauchers 200712 Year Old Sherry Cask Distillery Edition" class="lazy image" />
</div>
<div class="information">
<div class="name"> Glentauchers 2007<span>12 Year Old Sherry Cask Distillery Edition</span></div>
<span class="meta">50cl / 60%</span>
</div>
<span class="price">£79.95</span>
<span class="price-meta">(£159.90 per litre)</span>
</a>
</div>
<div class="item">
<a href="/p/57412/breath-of-the-isles-2007-13-year-old-adelphi" class="product" title=" Breath of the Isles 2007 13 Year Old Adelphi" onclick="_gaq.push(['_trackEvent', 'Products-CategoryPage-GridView', 'click', '57412 : Breath of the Isles 2007 / 13 Year Old / Adelphi'])">
<div class="image-container">
<img src="https://img.thewhiskyexchange.com/ph.png" data-original="https://img.thewhiskyexchange.com/270/malts_ade2007v1.jpg" alt=" Breath of the Isles 200713 Year Old Adelphi" class="lazy image" />
</div>
<div class="information">
<div class="name"> Breath of the Isles 2007<span>13 Year Old Adelphi</span></div>
<span class="meta">70cl / 58.6%</span>
</div>
<span class="price">£79.95</span>
<span class="price-meta">(£114.21 per litre)</span>
</a>
</div>
<div class="item">
<a href="/p/56797/tomatin-2006-13-year-old-fino-sherry-cask" class="product" title=" Tomatin 2006 13 Year Old Fino Sherry Cask" onclick="_gaq.push(['_trackEvent', 'Products-CategoryPage-GridView', 'click', '56797 : Tomatin 2006 / 13 Year Old / Fino Sherry Cask'])">
<div class="image-container">
<img src="https://img.thewhiskyexchange.com/ph.png" data-original="https://img.thewhiskyexchange.com/270/tomob.2006v2.jpg" alt=" Tomatin 200613 Year Old Fino Sherry Cask" class="lazy image" />
</div>
<div class="information">
<div class="name"> Tomatin 2006<span>13 Year Old Fino Sherry Cask</span></div>
<span class="meta">70cl / 46%</span>
</div>
<span class="price">£80.95</span>
<span class="price-meta">(£115.64 per litre)</span>
</a>
</div>
<div class="item">
<a href="/p/1624/caol-ila-18-year-old" class="product" title="Caol Ila 18 Year Old" onclick="_gaq.push(['_trackEvent', 'Products-CategoryPage-GridView', 'click', '1624 : Caol Ila 18 Year Old'])">
<div class="image-container">
<img src="https://img.thewhiskyexchange.com/ph.png" data-original="https://img.thewhiskyexchange.com/270/cilob.18yo.jpg" alt="Caol Ila 18 Year Old" class="lazy image" />
</div>
<div class="information">
<div class="name">Caol Ila 18 Year Old</div>
<span class="meta">70cl / 43%</span>
</div>
<span class="price">£81.95</span>
<span class="price-meta">(£117.07 per litre)</span>
</a>
</div>
<div class="item">
<a href="/p/16650/dalmore-cigar-malt" class="product" title="Dalmore Cigar Malt" onclick="_gaq.push(['_trackEvent', 'Products-CategoryPage-GridView', 'click', '16650 : Dalmore Cigar Malt'])">
<div class="image-container">
<img src="https://img.thewhiskyexchange.com/ph.png" data-original="https://img.thewhiskyexchange.com/270/dlmob.non10.jpg" alt="Dalmore Cigar Malt" class="lazy image" />
</div>
<div class="information">
<div class="name">Dalmore Cigar Malt</div>
<span class="meta">70cl / 44%</span>
</div>
<span class="price">£81.95</span>
<span class="price-meta">(£117.07 per litre)</span>
</a>
</div>
<div class="item">
<a href="/p/44095/arran-2011-5-year-old-peated-whisky-agency" class="product" title=" Arran 2011 5 Year Old Peated Whisky Agency" onclick="_gaq.push(['_trackEvent', 'Products-CategoryPage-GridView', 'click', '44095 : Arran 2011 / 5 Year Old / Peated / Whisky Agency'])">
<div class="image-container">
<img src="https://img.thewhiskyexchange.com/ph.png" data-original="https://img.thewhiskyexchange.com/270/arrtwa2011.jpg" alt=" Arran 20115 Year Old Peated Whisky Agency" class="lazy image" />
</div>
<div class="information">
<div class="name"> Arran 2011<span>5 Year Old Peated Whisky Agency</span></div>
<span class="meta">70cl / 52.1%</span>
</div>
<span class="price">£82.95</span>
<span class="price-meta">(£118.50 per litre)</span>
</a>
</div>
</div>
<div class="clear"></div>
</div>
</div>


<div id="twePagination" class="wrapper">
<div class="container">
<div class="showing">
Showing: 481 to 540 of 2671
</div>
<div class="perpage">Show <select onchange="cmdcnfg('psize',this.options[this.selectedIndex].value,'/c/40/single-malt-scotch-whisky?pg=1')"><option value="20">20</option><option value="60" selected>60</option><option value="80">80</option><option value="100">100</option><option value="200">200</option></select> per page</div>
<div class="pagination-container">
<div class="pagination">
<div class="direction">
<a class="page-link" href="/c/40/single-malt-scotch-whisky?pg=8#productlist-filter">Prev</a>
</div>
<div class="pages">
<a class="page-link" href="/c/40/single-malt-scotch-whisky?pg=1#productlist-filter">1</a> <span class="page-separator">...</span> <a class="page-link" href="/c/40/single-malt-scotch-whisky?pg=8#productlist-filter">8</a> <a class="page-link active" href="/c/40/single-malt-scotch-whisky?pg=9#productlist-filter">9</a> <a class="page-link" href="/c/40/single-malt-scotch-whisky?pg=10#productlist-filter">10</a> <span class="page-separator">...</span> <a class="page-link" href="/c/40/single-malt-scotch-whisky?pg=45#productlist-filter">45</a>
</div>
<div class="direction">
<a class="page-link" href="/c/40/single-malt-scotch-whisky?pg=10#productlist-filter">Next</a>
</div>
</div>
</div>
<div class="clear"></div>
</div>
</div>

</div>


<footer role="contentinfo" itemscope itemtype="http://schema.org/WPFooter" id="footer" class="footer">
<div class="footer-maillist">
<input class="js-footer-maillist__token" type="hidden" value="1d00c600e600ee00fb009d00dd00410080007200ac0052001c00c200e200450010006900">
<div class="footer-maillist__container">
<p class="footer-maillist__text">
Sign up for our latest news and offers
</p>
<button class="footer-maillist__button js-footer-maillist__button cta-button cta-button--regular cta-button--alpha" type="submit" data-countrycode="SI">Sign Up</button>
</div>
</div>
<div class="footer-content">
<div class="footer-content__container">
<section class="footer-content__section footer-content__section--help">
<h4 class="footer-content__title js-footer-content__title">
<span>Help &amp; Support</span>
<i class="footer-content__expand fal fa-plus"></i>
</h4>
<div class="footer-content__list">
<a class="footer-content__link" href="/customerservice/help-ordertracking" onclick="_gaq.push(['_trackEvent', 'Footer-Links-Help', 'click', 'Track Your Order'])" title="Track Your Order">Track Your Order</a>
<a class="footer-content__link" href="/customerservice/help-ordersupport" onclick="_gaq.push(['_trackEvent', 'Footer-Links-Help', 'click', 'Order Related Queries'])" title="Order Related Queries">Order Related Queries</a>
<a class="footer-content__link" href="/customerservice/help-productsupport" onclick="_gaq.push(['_trackEvent', 'Footer-Links-Help', 'click', 'Product Queries'])" title="Product Queries">Product Queries</a>
<a class="footer-content__link" href="/customerservice/help-technicalsupport" onclick="_gaq.push(['_trackEvent', 'Footer-Links-Help', 'click', 'Technical Queries'])" title="Technical Queries">Technical Queries</a>
<a class="footer-content__link" href="/customerservice/help-generalsupport" onclick="_gaq.push(['_trackEvent', 'Footer-Links-Help', 'click', 'General Queries'])" title="General Queries">General Queries</a>
<a class="footer-content__link" href="/wanted" onclick="_gaq.push(['_trackEvent', 'Footer-Links-Help', 'click', 'Valuations'])" title="Valuations">Valuations</a>
<a class="footer-content__link" href="/customerservice/help-complaintsprocess" onclick="_gaq.push(['_trackEvent', 'Footer-Links-Help', 'click', 'Complaints'])" title="Complaints">Complaints</a>
</div>
</section>
<section class="footer-content__section footer-content__section--delivery">
<h4 class="footer-content__title js-footer-content__title">
<span>Delivery &amp; Returns</span>
<i class="footer-content__expand fal fa-plus"></i>
</h4>
<div class="footer-content__list">
<a class="footer-content__link" href="/customerservice/delivery-charges" onclick="_gaq.push(['_trackEvent', 'Footer-Links-Delivery', 'click', 'Delivery Charges'])" title="Delivery Charges">Delivery Charges</a>
<a class="footer-content__link" href="/customerservice/delivery-information" onclick="_gaq.push(['_trackEvent', 'Footer-Links-Delivery', 'click', 'Delivery Information'])" title="Delivery Information">Delivery Information</a>
<a class="footer-content__link" href="/customerservice/delivery-insurance" onclick="_gaq.push(['_trackEvent', 'Footer-Links-Delivery', 'click', 'Insurance Charges'])" title="Insurance Charges">Insurance Charges</a>
<a class="footer-content__link" href="/customerservice/delivery-customs" onclick="_gaq.push(['_trackEvent', 'Footer-Links-Delivery', 'click', 'Custom & Import Duties'])" title="Custom & Import Duties">Custom &amp; Import Duties</a>
<a class="footer-content__link" href="/customerservice/delivery-returns" onclick="_gaq.push(['_trackEvent', 'Footer-Links-Delivery', 'click', 'Returns & Cancellations'])" title="Returns & Cancellations">Returns &amp; Cancellations</a>
<a class="footer-content__link" href="/customerservice/delivery-damaged" onclick="_gaq.push(['_trackEvent', 'Footer-Links-Delivery', 'click', 'Damaged & Wrong Goods'])" title="Damaged & Wrong Goods">Damaged &amp; Wrong Goods</a>
<a class="footer-content__link" href="/customerservice/delivery-packaging" onclick="_gaq.push(['_trackEvent', 'Footer-Links-Delivery', 'click', 'Our Packaging'])" title="Our Packaging">Our Packaging</a>
</div>
</section>
<section class="footer-content__section footer-content__section--contact">
<h4 class="footer-content__title js-footer-content__title">
<span>Contact Us</span>
<i class="footer-content__expand fal fa-plus"></i>
</h4>
<div class="footer-content__list">
<a class="footer-content__link" href="/customerservice/contact-headoffice" onclick="_gaq.push(['_trackEvent', 'Footer-Links-Contact', 'click', 'Head Office'])" title="Head Office">Head Office</a>
<a class="footer-content__link" href="/customerservice/contact-phone" onclick="_gaq.push(['_trackEvent', 'Footer-Links-Contact', 'click', 'Order By Phone'])" title="Order By Phone">Order By Phone</a>
<a class="footer-content__link" href="/customerservice/contact-trade" onclick="_gaq.push(['_trackEvent', 'Footer-Links-Contact', 'click', 'Trade Enquiries'])" title="Trade Enquiries">Trade Enquiries</a>
<a class="footer-content__link" href="/customerservice/contact-press" onclick="_gaq.push(['_trackEvent', 'Footer-Links-Contact', 'click', 'Press Enquiries'])" title="Press Enquiries">Press Enquiries</a>
<a class="footer-content__link" href="/customerservice/contact-shop" onclick="_gaq.push(['_trackEvent', 'Footer-Links-Contact', 'click', 'Central London Shops'])" title="Central London Shops">Central London Shops</a>
</div>
</section>
<section class="footer-content__section footer-content__section--about">
<h4 class="footer-content__title js-footer-content__title">
<span>About Us</span>
<i class="footer-content__expand fal fa-plus"></i>
 </h4>
<div class="footer-content__list">
<a class="footer-content__link" href="/about/company" onclick="_gaq.push(['_trackEvent', 'Footer-Links-About', 'click', 'Our Company'])" title="Our Company">Our Company</a>
<a class="footer-content__link" href="/20thanniversary/journey" onclick="_gaq.push(['_trackEvent', 'Footer-Links-About', 'click', 'Our History'])" title="Our History">Our History</a>
<a class="footer-content__link" href="/about/events" onclick="_gaq.push(['_trackEvent', 'Footer-Links-About', 'click', 'Events'])" title="Events">Events</a>
<a class="footer-content__link" href="/about/awards" onclick="_gaq.push(['_trackEvent', 'Footer-Links-About', 'click', 'Awards'])" title="Awards">Awards</a>
<a class="footer-content__link" href="/about/trade" onclick="_gaq.push(['_trackEvent', 'Footer-Links-About', 'click', 'Trade Customers'])" title="Trade Customers">Trade Customers</a>
<a class="footer-content__link" href="/about/careers" onclick="_gaq.push(['_trackEvent', 'Footer-Links-About', 'click', 'Careers'])" title="Careers">Careers</a>
<a class="footer-content__link" href="/about/antislaverypolicy" onclick="_gaq.push(['_trackEvent', 'Footer-Links-About', 'click', 'Anti-Slavery Policy'])" title="Anti-Slavery Policy">Anti-Slavery Policy</a>
</div>
</section>
<section class="footer-content__section footer-content__section--shops">
<h4 class="footer-content__title js-footer-content__title">
<span>Our Shops</span>
<i class="footer-content__expand fal fa-plus"></i>
</h4>
<div class="footer-content__list">
<a class="footer-content__link" href="/shops/explore" onclick="_gaq.push(['_trackEvent', 'Footer-Links-Our-Shops', 'click', 'Explore Before You Visit'])" title="Explore Before You Visit">Explore Before You Visit</a>
<a class="footer-content__link" href="/shops/greatportlandstreet" onclick="_gaq.push(['_trackEvent', 'Footer-Links-Our-Shops', 'click', 'Great Portland Street Shop'])" title="Great Portland Street Shop">Great Portland Street Shop</a>
<a class="footer-content__link" href="/shops/coventgarden" onclick="_gaq.push(['_trackEvent', 'Footer-Links-Our-Shops', 'click', 'Covent Garden Shop'])" title="Covent Garden Shop">Covent Garden Shop</a>
<a class="footer-content__link" href="/shops/londonbridge" onclick="_gaq.push(['_trackEvent', 'Footer-Links-Our-Shops', 'click', 'London Bridge Shop'])" title="London Bridge Shop">London Bridge Shop</a>
</div>
</section>
<section class="footer-content__section footer-content__section--shopping">
<h4 class="footer-content__title js-footer-content__title">
<span>Shopping With Us</span>
<i class="footer-content__expand fal fa-plus"></i>
</h4>
<div class="footer-content__list">
<a class="footer-content__link" href="/customerservice/shopping-payment" onclick="_gaq.push(['_trackEvent', 'Footer-Links-Shopping', 'click', 'Payment Options'])" title="Payment Options">Payment Options</a>
<a class="footer-content__link" href="/customerservice/shopping-order" onclick="_gaq.push(['_trackEvent', 'Footer-Links-Shopping', 'click', 'Placing Your Order'])" title="Placing Your Order">Placing Your Order</a>
<a class="footer-content__link" href="/customerservice/shopping-security" onclick="_gaq.push(['_trackEvent', 'Footer-Links-Shopping', 'click', 'Security & Privacy'])" title="Security & Privacy">Security &amp; Privacy</a>
<a class="footer-content__link" href="/customerservice/site-map" onclick="_gaq.push(['_trackEvent', 'Footer-Links-Shopping', 'click', 'Site Map'])" title="Site Map">Site Map</a>
 <a class="footer-content__link" href="https://blog.thewhiskyexchange.com/" onclick="_gaq.push(['_trackEvent', 'Footer-Links-Shopping', 'click', 'The Whisky Exchange Blog'])" title="The Whisky Exchange Blog" target="_blank">TWE Blog</a>
</div>
</section>
<section class="footer-content__section footer-content__section--legal">
<h4 class="footer-content__title js-footer-content__title">
<span>Legal Information</span>
<i class="fal fa-plus footer-content__expand"></i>
</h4>
<div class="footer-content__list">
<a class="footer-content__link" href="/customerservice/legal-terms" onclick="_gaq.push(['_trackEvent', 'Footer-Links-Legal', 'click', 'Terms & Conditions'])" title="Terms & Conditions">Terms &amp; Conditions</a>
<a class="footer-content__link" href="/customerservice/legal-privacy" onclick="_gaq.push(['_trackEvent', 'Footer-Links-Legal', 'click', 'Privacy Statement'])" title="Privacy Statement">Privacy Statement</a>
</div>
</section>
<section class="footer-content__section footer-content__section--unique">
<h4 class="footer-content__title js-footer-content__title">
<span>Unique To Us</span>
<i class="footer-content__expand fal fa-plus"></i>
</h4>
<div class="footer-content__list">
<a class="footer-content__link" href="/giftcard" onclick="_gaq.push(['_trackEvent', 'Footer-Links-Unique', 'click', 'eGift Cards'])" title="eGift Cards">eGift Cards</a>
<a class="footer-content__link" href="/personalisedlabels" onclick="_gaq.push(['_trackEvent', 'Footer-Links-Unique', 'click', 'Personalised Labels'])" title="Personalised Labels">Personalised Labels</a>
<a class="footer-content__link" href="/feature/engraving" onclick="_gaq.push(['_trackEvent', 'Footer-Links-Unique', 'click', 'Personalised Engraving'])" title="Personalised Engraving">Personalised Engraving</a>
<a class="footer-content__link" href="/feature/exclusivetous" onclick="_gaq.push(['_trackEvent', 'Footer-Links-Unique', 'click', 'Exclusive Bottlings'])" title="Exclusive Bottlings">Exclusive Bottlings</a>
<a class="footer-content__link" href="/c/803/samples" onclick="_gaq.push(['_trackEvent', 'Footer-Links-Unique', 'click', 'Perfect Measure Samples'])" title="Perfect Measure Samples">Perfect Measure Samples</a>
</div>
</section>
<section class="footer-content__section footer-content__section--security">
<h4 class="footer-content__title js-footer-content__title">
<span>Safe &amp; Secure</span>
<i class="footer-content__expand fal fa-plus"></i>
</h4>
<div class="footer-content__list">
<div class="footer-content__item">
<h5 class="footer-content__sub-title">Identity Verified By</h5>
<a class="footer-content__link--verified" href="https://trustsealinfo.websecurity.norton.com/splash?form_file=fdf/splash.fdf&dn=www.thewhiskyexchange.com&lang=en" onclick="_gaq.push(['_trackEvent', 'Footer-Links-Security', 'click', 'Verisign Trusted'])" title="Verisign Trusted" target="_blank">
<img class="footer-content__image" src="/media/rtwe/assets/application/images/footer/icon__norton2.png?t=07042020" alt="Norton Secured Seal" />
</a>
</div>
<div class="footer-content__item">
<h5 class="footer-content__sub-title">Payment Provider</h5>
<img class="footer-content__image" src="/media/rtwe/assets/application/images/footer/icon__worldpay2.png?t=07042020" alt="World Pay" />
<img class="footer-content__image" src="/media/rtwe/assets/application/images/footer/icon__amazon2.png?t=07042020" alt="Amazon Pay" />
</div>
<div class="footer-content__item">
<h5 class="footer-content__sub-title">We Accept</h5>
<img class="footer-content__image" src="/media/rtwe/assets/application/images/footer/icon__payment-visa.png?t=07042020" alt="Visa" />
<img class="footer-content__image" src="/media/rtwe/assets/application/images/footer/icon__payment-mastercard.png?t=07042020" alt="Mastercard" />
<img class="footer-content__image" src="/media/rtwe/assets/application/images/footer/icon__payment-american.png?t=07042020" alt="American Express" />
<img class="footer-content__image" src="/media/rtwe/assets/application/images/footer/icon__payment-paypal.png?t=07042020" alt="PayPal" />
</div>
</div>
</section>
<section class="footer-content__section footer-content__section--social">
<h4 class="footer-content__title js-footer-content__title">
<span>Keep In Touch</span>
<i class="footer-content__expand fal fa-plus"></i>
</h4>
<div class="footer-content__list">
<div class="footer-content__item">
<h5 class="footer-content__sub-title">Social</h5>
<div class="footer-content__social-container">
<a class="footer-content__social-link" href="https://www.facebook.com/thewhiskyexchange" onclick="_gaq.push(['_trackEvent', 'Footer-Links-Social', 'click', 'The Whisky Exchange Facebook'])" target="_blank" title="The Whisky Exchange Facebook">
<i class="fab fa-facebook-square"></i>
</a>
<a class="footer-content__social-link" href="https://twitter.com/WhiskyExchange" onclick="_gaq.push(['_trackEvent', 'Footer-Links-Social', 'click', 'The Whisky Exchange Twitter'])" target="_blank" title="The Whisky Exchange Twitter">
<i class="fab fa-twitter-square"></i>
</a>
<a class="footer-content__social-link" href="https://www.instagram.com/whiskyexchange/" onclick="_gaq.push(['_trackEvent', 'Footer-Links-Social', 'click', 'The Whisky Exchange Instagram'])" target="_blank" title="The Whisky Exchange Instagram">
<i class="fab fa-instagram-square"></i>
</a>
<a class="footer-content__social-link" href="https://www.youtube.com/c/whiskyexchange" onclick="_gaq.push(['_trackEvent', 'Footer-Links-Social', 'click', 'The Whisky Exchange Youtube'])" target="_blank" title="The Whisky Exchange Youtube">
<i class="fab fa-youtube-square"></i>
</a>
</div>
</div>
<div class="footer-content__item">
<h5 class="footer-content__sub-title">Reviews</h5>
<a class="footer-content__link" href="/about/reviews/" onclick="_gaq.push(['_trackEvent', 'Footer-Links-Reviews', 'click', 'The Whisky Exchange Trust Pilot Reviews'])" title="The Whisky Exchange Trust Pilot Reviews">
<img class="footer-content__image" src="/media/rtwe/assets/application/images/footer/trust-pilot.png" alt="Trust Pilot">
<br />
<img class="footer-content__image" src="/media/rtwe/assets/application/images/footer/stars.png" alt="Trust Pilot">
<p class="footer-content__copy footer-content__copy--alt"><strong>41567</strong> Reviews</p>
<p class="footer-content__copy">Rated excellent by our customers</p>
</a>
 </div>
</div>
</section>
</div>
</div>
<div class="footer-copyright">
<p class="footer-copyright__drinkaware">
Enjoy responsibly
<br>
<a class="footer-copyright__drinkaware-link" href="https://www.drinkaware.co.uk/" title="www.drinkaware.co.uk" target="_blank">drinkaware.co.uk</a>
</p>
<p class="footer-copyright__text">
Copyright &copy; The Whisky Exchange 1999-2021. All Rights&nbsp;Reserved.
<br>
The Whisky Exchange is the registered trademark of Speciality Drinks&nbsp;Limited.
<br>
Registered in England and Wales (Company No. 4449145). Registered Office: Elixir House, Whitby Avenue, Park Royal, London NW10 7SF,&nbsp;UK.
</p>
</div>
</footer>


<a href="#" id="tweScrollTop">
<span class="text">Scroll To Top</span> <span class="icon"><i class="fa fa-chevron-up"></i></span>
</a>

</div>
<div class="modal-container js-twe__modals"></div>
<script type="text/javascript" src="/media/rtwe/bundles/5529eaa39d344b5b8ac8f7599d4c8c97.js"></script>





<script>
        $(document).ready(function ()
        {
  		if(_gaq)
        {
          var _gaqCid="";
          if(_gaqCid!="")
          {
  			_gaq.push(['_trackEvent', 'PageView-LoggedInUser', 'pageLoad', 'Single Malt Scotch Whisky : The Whisky Exchange']);
          }
        }
  });
</script>
<script>
    localStorage.setItem('deliveryNoticeTitle', 'European Union Delivery Notice');
	localStorage.setItem('deliveryNoticeMessage', 'Important Update to EU Shipping<br><br>Due to the lack of clarity over cross-border shipping rules after Brexit on 31 December 2020, we have regrettably taken the decision to temporarily suspend shipments to all EU destinations with immediate effect.<br/><br/>Once a clear post-Brexit process has been established regarding cross-border shipping to the EU we hope to resume services as soon as we can after that.<br/><br/>Any existing orders to EU destinations will be processed and shipped as normal.<br/><br/>We apologise for any inconvenience caused by this temporary suspension, and will contact you again as soon as we are able to resume shipping again.');
</script>
<script>
    (function (w, d, t, r, u) {
        var f, n, i;
        w[u] = w[u] || [], f = function () {
            var o = { ti: "5667557" };
            o.q = w[u], w[u] = new UET(o), w[u].push("pageLoad")
        }, n = d.createElement(t), n.src = r, n.async = 1, n.onload = n.onreadystatechange = function () {
            var s = this.readyState;
            s && s !== "loaded" && s !== "complete" || (f(), n.onload = n.onreadystatechange = null)
        }, i = d.getElementsByTagName(t)[0], i.parentNode.insertBefore(n, i)
    })
        (window, document, "script", "//bat.bing.com/bat.js", "uetq");
</script>
<noscript>
    <img src="//bat.bing.com/action/0?ti=5667557&Ver=2" height="0" width="0" style="display: none; visibility: hidden;" />
</noscript>
<script>
  gtag('event', 'conversion', {
    'allow_custom_scripts': true,
    'u1': 'https://www.thewhiskyexchange.com/c/40/single-malt-scotch-whisky?pg=9',
    'u2': '',
    'u3': '',
    'send_to': 'DC-9835324/retvh0/twe_m0+standard'
  });
</script>
<noscript>
<img src="https://ad.doubleclick.net/ddm/activity/src=9835324;type=retvh0;cat=twe_m0;u1=https://www.thewhiskyexchange.com/c/40/single-malt-scotch-whisky?pg=9;u2=;u3=;dc_lat=;dc_rdid=;tag_for_child_directed_treatment=;tfua=;npa=;ord=1?" width="1" height="1" alt=""/>
</noscript>

<script>
  !function(f,b,e,v,n,t,s)
  {if(f.fbq)return;n=f.fbq=function(){n.callMethod?
  n.callMethod.apply(n,arguments):n.queue.push(arguments)};
  if(!f._fbq)f._fbq=n;n.push=n;n.loaded=!0;n.version='2.0';
  n.queue=[];t=b.createElement(e);t.async=!0;
  t.src=v;s=b.getElementsByTagName(e)[0];
  s.parentNode.insertBefore(t,s)}(window, document,'script',
  'https://connect.facebook.net/en_US/fbevents.js');
  fbq('init', '338190130083656');
  fbq('track', 'PageView');
</script>
<noscript><img height="1" width="1" style="display:none"
  src="https://www.facebook.com/tr?id=338190130083656&ev=PageView&noscript=1"
/></noscript>

<script>
var shareasaleSSCID=shareasaleGetParameterByName("sscid");function shareasaleSetCookie(e,a,r,s,t){if(e&&a){var o,n=s?"; path="+s:"",i=t?"; domain="+t:"",l="";r&&((o=new Date).setTime(o.getTime()+r),l="; expires="+o.toUTCString()),document.cookie=e+"="+a+l+n+i}}function shareasaleGetParameterByName(e,a){a||(a=window.location.href),e=e.replace(/[\[\]]/g,"\\$&");var r=new RegExp("[?&]"+e+"(=([^&#]*)|&|#|$)").exec(a);return r?r[2]?decodeURIComponent(r[2].replace(/\+/g," ")):"":null}shareasaleSSCID&&shareasaleSetCookie("shareasaleSSCID",shareasaleSSCID,94670778e4,"/");
</script>
<input type="hidden" id="tweanalytics" value="eyJDb25uZWN0aW9uIjoiS2VlcC1BbGl2ZSIsIkNvbnRlbnQtTGVuZ3RoIjoiMCIsIkFjY2VwdCI6IiovKiIsIkFjY2VwdC1FbmNvZGluZyI6Imd6aXAiLCJIb3N0Ijoid3d3LnRoZXdoaXNreWV4Y2hhbmdlLmNvbSIsIlVzZXItQWdlbnQiOiJweXRob24tcmVxdWVzdHMvMi4yNC4wIiwiQ0YtSVBDb3VudHJ5IjoiU0kiLCJYLUZvcndhcmRlZC1Gb3IiOiIxNDYuMjEyLjE0Mi4xMzAiLCJDRi1SQVkiOiI2MGI0ZTM1MDNjNTJmY2E5LU1BTiIsIlgtRm9yd2FyZGVkLVByb3RvIjoiaHR0cHMiLCJDRi1WaXNpdG9yIjoie1wic2NoZW1lXCI6XCJodHRwc1wifSIsIkNGLVJlcXVlc3QtSUQiOiIwNzY0ZWM2NjI5MDAwMGZjYTliODBkMjAwMDAwMDAwMSIsIkNGLUNvbm5lY3RpbmctSVAiOiIxNDYuMjEyLjE0Mi4xMzAiLCJDRE4tTG9vcCI6ImNsb3VkZmxhcmUiLCJYLU9yaWdpbmFsLVVSTCI6Ii9jLzQwL3NpbmdsZS1tYWx0LXNjb3RjaC13aGlza3k/cGc9OSIsIl9fdHdldWlkIjoiZGNhZTlmZGNkYmM1NDY0ZmFhMDMzNGZiYjI5MmVhZTUiLCJzdGFydGVkYXQiOiIwMi8wMS8yMDIxIDEzOjM5OjI1IiwiQVNQLk5FVF9TZXNzaW9uSWQiOiJjZW95dW5odG8yY2xkaXB1eHAzdmJ4czEiLCJIb3N0TmFtZSI6Ind3dy50aGV3aGlza3lleGNoYW5nZS5jb20iLCJQYWdlVXJsIjoiL2MvNDAvc2luZ2xlLW1hbHQtc2NvdGNoLXdoaXNreT9wZz05IiwiQ0ZDb3VudHJ5Q29kZSI6IlNJIiwiSXBBZGRyZXNzIjoiMTQ2LjIxMi4xNDIuMTMwIn0="><input type="hidden" id="twedata" value="eyJDb29raWVzIjoie1wicnR3ZV9zb3J0aW5nXCI6XCJleHByPXBhc2NcIixcInJ0d2VfcGFnaW5nXCI6XCJwYWdlc2l6ZT02MFwiLFwicnR3ZV92aWV3bW9kZVwiOlwibW9kZT1ncmlkXCJ9In0=">

<script>
        tweSite.global.apiBaseUrl = "https://api.thewhiskyexchange.com";
    </script>

</body>
</html>